{"neow_bonuses_skipped_log":["REMOVE_CARD","HUNDRED_GOLD","BOSS_RELIC"],"potions_obtained_entropic_brew":[[],[],[],[],[],[],[],[],[],[],[],[],[],[],[],[]],"neow_costs_skipped_log":["NONE","NONE","NONE"],"gold_per_floor":[10,63,80,94,112,112,137,164,199,211,255,267,279,307,319,331],"floor_reached":16,"playtime":1082,"items_purged":[],"score":228,"play_id":"e8d7448d-2060-40e1-b38e-9e18b3975608","local_time":"20230105160422","score_breakdown":["Floors Climbed (16): 80","Enemies Slain (7): 14","Exordium Elites Killed (2): 20","Bosses Slain (0): 0","Ascension (20): 114"],"is_ascension_mode":true,"potions_obtained_alchemize":[[],[],[],[],[],[],[],[],[],[],[],[],[],[],[],[]],"campfire_choices":[{"data":"Eviscerate","floor":6,"key":"SMITH"},{"floor":13,"key":"REST"},{"floor":15,"key":"REST"}],"lesson_learned_per_floor":[[],[],[],[],[],[],[],[],[],[],[],[],[],[],[],[]],"neow_cost":"NO_GOLD","improvable_cards":{},"seed_source_timestamp":-8387805968201696565,"shop_contents":[],"circlet_count":0,"master_deck":["AscendersBane","Strike_G","Strike_G","Strike_G","Strike_G","Strike_G","Defend_G","Defend_G","Defend_G","Defend_G","Defend_G","Survivor","Neutralize","Acrobatics","Endless Agony","Eviscerate+1","Slice","Adrenaline","Poisoned Stab","Tactician+1","Leg Sweep"],"potion_use_per_floor":[[],[],[],[],[],[],["SteroidPotion"],["Swift Potion"],[],["SmokeBomb"],[],[],[],[],[],["Dexterity Potion"]],"relics":["Ring of the Snake","MealTicket","MawBank","Pen Nib","Centennial Puzzle"],"potions_floor_usage":[7,8,10,16],"damage_taken":[{"damage":11,"enemies":"Cultist","floor":1,"turns":6},{"damage":1,"enemies":"2 Louse","floor":3,"turns":5},{"damage":0,"enemies":"Small Slimes","floor":4,"turns":8},{"damage":9,"enemies":"3 Louse","floor":5,"turns":4},{"damage":17,"enemies":"3 Sentries","floor":7,"turns":6},{"damage":4,"enemies":"Looter","floor":8,"turns":4},{"damage":0,"enemies":"Red Slaver","floor":10,"turns":3},{"damage":17,"enemies":"Lagavulin","floor":11,"turns":7},{"damage":8,"enemies":"3 Louse","floor":14,"turns":3},{"damage":56,"enemies":"Slime Boss","floor":16,"turns":10}],"seed_played":"4033725457914681445","neow_bonus_log":{"cardsObtained":[],"cardsUpgraded":[],"cardsRemoved":[],"cardsTransformed":[],"relicsObtained":[],"maxHpGained":12,"goldGained":0,"damageTaken":0,"goldLost":99,"maxHpLost":0},"potions_obtained":[{"floor":4,"key":"Dexterity Potion"},{"floor":5,"key":"SteroidPotion"},{"floor":7,"key":"Swift Potion"},{"floor":8,"key":"SmokeBomb"}],"is_trial":false,"path_per_floor":["M","T","M","M","M","R","E","M","T","M","E","?","R","M","R","B"],"character_chosen":"THE_SILENT","items_purchased":[],"campfire_rested":2,"item_purchase_floors":[],"current_hp_per_floor":[60,60,59,59,50,50,33,29,29,29,12,12,35,27,50,0],"gold":331,"neow_bonus":"TWENTY_PERCENT_HP_BONUS","is_prod":false,"is_daily":false,"rewards_skipped":[],"chose_seed":false,"campfire_upgraded":1,"win_rate":0,"floor_exit_playtime":[129,138,180,298,353,359,530,615,622,690,771,788,791,854,858],"timestamp":1672952662,"path_taken":["M","?","M","?","M","R","E","M","T","M","E","?","R","M","R","BOSS"],"build_version":"2022-12-18","purchased_purges":0,"victory":false,"max_hp_per_floor":[78,78,78,78,78,78,78,78,78,78,78,78,78,78,78,78],"relic_stats":{"Centennial Puzzle":[6],"counters":[10,56],"MealTicket":0,"Pen Nib":[4],"MawBank":108,"obtain_stats":[{"Centennial Puzzle":11,"MealTicket":2,"Pen Nib":9,"MawBank":7,"Ring of the Snake":0},{"Centennial Puzzle":8,"MealTicket":1,"Pen Nib":6,"MawBank":5,"Ring of the Snake":0},{"Centennial Puzzle":43,"MealTicket":6,"Pen Nib":33,"MawBank":29,"Ring of the Snake":0}],"Ring of the Snake":[21]},"card_choices":[{"not_picked":["Flechettes","Expertise"],"picked":"Acrobatics","floor":1},{"not_picked":["Concentrate","Heel Hook"],"picked":"Endless Agony","floor":3},{"not_picked":["Sucker Punch","Underhanded Strike"],"picked":"Eviscerate","floor":4},{"not_picked":["Infinite Blades","Bane"],"picked":"Slice","floor":5},{"not_picked":["Infinite Blades","Dodge and Roll"],"picked":"Adrenaline","floor":7},{"not_picked":["Deadly Poison","Deflect"],"picked":"Poisoned Stab","floor":8},{"not_picked":["Footwork","Quick Slash"],"picked":"Tactician","floor":11},{"not_picked":["Slice","Outmaneuver"],"picked":"Leg Sweep","floor":14}],"player_experience":4928138,"relics_obtained":[{"floor":2,"key":"MealTicket"},{"floor":7,"key":"MawBank"},{"floor":9,"key":"Pen Nib"},{"floor":11,"key":"Centennial Puzzle"}],"event_choices":[{"damage_healed":0,"gold_gain":0,"player_choice":"Grow","damage_taken":0,"max_hp_gain":0,"max_hp_loss":0,"event_name":"Living Wall","floor":12,"gold_loss":0,"cards_upgraded":["Tactician"]}],"is_beta":false,"boss_relics":[],"items_purged_floors":[],"is_endless":false,"potions_floor_spawned":[4,5,7,8],"killed_by":"Slime Boss","ascension_level":20,"potion_discard_per_floor":[[],[],[],[],[],[],[],[],[],[],[],[],[],[],[],[]]}