{"neow_bonuses_skipped_log":["TRANSFORM_CARD","TEN_PERCENT_HP_BONUS","BOSS_RELIC"],"potions_obtained_entropic_brew":[[],[],[],[],[],[],[],[],[],[],[],[],[],[],[],[],[],[],[],[],[],[],[],[],[],[],[],[],[],[],[],[],[],[],[],[],[],[],[],[],[],[],[],[],[],[],[],[],[],[],[],[],[],[],[],[],[]],"neow_costs_skipped_log":["NONE","NONE","NONE"],"gold_per_floor":[19,36,46,46,65,65,90,110,162,5,20,47,47,61,61,138,138,155,167,82,82,82,117,117,136,162,189,208,234,234,234,234,316,325,350,72,101,113,134,173,182,217,217,138,138,167,167,194,194,194,194,194,194,60,99,99],"floor_reached":57,"playtime":8380,"items_purged":["Defend_G"],"score":2918,"play_id":"bc21f99e-810b-4c96-84eb-888e8ee877be","local_time":"20230109201206","score_breakdown":["Floors Climbed (57): 285","Enemies Slain (17): 34","Exordium Elites Killed (2): 20","City Elites Killed (3): 60","Beyond Elites Killed (2): 60","Bosses Slain (5): 750","Collector (1): 25","Librarian: 25","Champion (2): 50","Perfect (1): 50","Ascension (20): 1309","Heartbreaker: 250"],"is_ascension_mode":true,"potions_obtained_alchemize":[[],[],[],[],[],[],[],[],[],[],[],[],[],[],[],[],[],[],[],[],[],[],[],[],[],[],[],[],[],[],[],[],[],[],[],[],[],[],[],[],[],[],[],[],[],[],[],[],[],[],[],[],[],[],[],[],[]],"campfire_choices":[{"data":"Underhanded Strike","floor":6,"key":"SMITH"},{"data":"Glass Knife","floor":13,"key":"SMITH"},{"data":"Eviscerate","floor":15,"key":"SMITH"},{"data":"Tools of the Trade","floor":24,"key":"SMITH"},{"data":"Well Laid Plans","floor":30,"key":"SMITH"},{"data":"Phantasmal Killer","floor":32,"key":"SMITH"},{"floor":45,"key":"RECALL"},{"data":"Leg Sweep","floor":47,"key":"SMITH"},{"data":"Calculated Gamble","floor":49,"key":"SMITH"},{"data":"Terror","floor":53,"key":"SMITH"}],"lesson_learned_per_floor":[[],[],[],[],[],[],[],[],[],[],[],[],[],[],[],[],[],[],[],[],[],[],[],[],[],[],[],[],[],[],[],[],[],[],[],[],[],[],[],[],[],[],[],[],[],[],[],[],[],[],[],[],[],[],[],[],[]],"neow_cost":"NO_GOLD","improvable_cards":{},"seed_source_timestamp":-7268423406085569652,"shop_contents":[{"floor":10,"relics":["Whetstone","Meat on the Bone","Orrery"],"cards":["Flechettes","Poisoned Stab","Accuracy","Finesse","Master of Strategy"],"potions":["Dexterity Potion","Weak Potion","Weak Potion"]},{"floor":36,"relics":["Juzu Bracelet","Toxic Egg 2"],"cards":["Sucker Punch","Masterful Stab","Concentrate","Dodge and Roll","Caltrops","Panacea","HandOfGreed"],"potions":["Energy Potion","SmokeBomb"]},{"floor":54,"relics":["Eternal Feather","Bottled Lightning","HandDrill"],"cards":["Dagger Throw","Glass Knife","Prepared","Cloak And Dagger","Noxious Fumes","PanicButton","Mayhem"],"potions":["Explosive Potion"]}],"circlet_count":0,"master_deck":["AscendersBane","Defend_G","Defend_G","Defend_G","Defend_G","Survivor","Neutralize","Underhanded Strike+1","Flying Knee","Backstab","Terror+1","Slice","Acrobatics+1","Acrobatics","Backflip","Glass Knife+1","Calculated Gamble+1","Eviscerate+1","Tools of the Trade+1","Well Laid Plans+1","Bite","Bite","Bite","Bite","Bite","PiercingWail","Leg Sweep+1","Phantasmal Killer+1","Night Terror+1","CurseOfTheBell","Dash+1","PiercingWail","Backflip","Noxious Fumes","PanicButton","Dodge and Roll+1","PiercingWail","Outmaneuver+1","Backflip"],"potion_use_per_floor":[[],[],[],[],[],[],[],[],[],[],[],["Poison Potion"],[],[],[],[],[],[],[],[],[],[],[],[],[],[],[],[],[],[],[],[],["Strength Potion"],[],[],[],[],[],[],[],[],[],[],[],[],["GhostInAJar"],[],[],[],[],[],[],[],[],["DistilledChaos"],["PowerPotion"],[]],"relics":["Ring of the Snake","Mercury Hourglass","Strawberry","Singing Bowl","HoveringKite","Snake Skull","MutagenicStrength","Centennial Puzzle","Anchor","Pen Nib","CeramicFish","Calling Bell","Oddly Smooth Stone","Paper Crane","TungstenRod","Toolbox","Blue Candle","War Paint","Nunchaku","Darkstone Periapt","Toy Ornithopter"],"potions_floor_usage":[12,33,46,55,56],"damage_taken":[{"damage":0,"enemies":"2 Louse","floor":1,"turns":3},{"damage":2,"enemies":"Cultist","floor":2,"turns":4},{"damage":2,"enemies":"Jaw Worm","floor":3,"turns":4},{"damage":1,"enemies":"Looter","floor":5,"turns":4},{"damage":37,"enemies":"3 Sentries","floor":7,"turns":10},{"damage":0,"enemies":"2 Fungi Beasts","floor":8,"turns":2},{"damage":0,"enemies":"Lots of Slimes","floor":11,"turns":3},{"damage":2,"enemies":"Gremlin Nob","floor":12,"turns":3},{"damage":0,"enemies":"Blue Slaver","floor":14,"turns":1},{"damage":0,"enemies":"Slime Boss","floor":16,"turns":5},{"damage":4,"enemies":"2 Thieves","floor":18,"turns":3},{"damage":0,"enemies":"Chosen","floor":19,"turns":3},{"damage":35,"enemies":"Slavers","floor":23,"turns":6},{"damage":11,"enemies":"Snake Plant","floor":25,"turns":3},{"damage":0,"enemies":"Gremlin Leader","floor":27,"turns":5},{"damage":4,"enemies":"Snecko","floor":28,"turns":3},{"damage":0,"enemies":"Book of Stabbing","floor":29,"turns":2},{"damage":18,"enemies":"Automaton","floor":33,"turns":5},{"damage":5,"enemies":"Orb Walker","floor":35,"turns":2},{"damage":3,"enemies":"3 Darklings","floor":37,"turns":5},{"damage":0,"enemies":"4 Shapes","floor":38,"turns":6},{"damage":0,"enemies":"Jaw Worm Horde","floor":39,"turns":4},{"damage":63,"enemies":"Reptomancer","floor":40,"turns":8},{"damage":8,"enemies":"Giant Head","floor":42,"turns":6},{"damage":0,"enemies":"Spire Growth","floor":46,"turns":5},{"damage":1,"enemies":"4 Shapes","floor":48,"turns":9},{"damage":24,"enemies":"Donu and Deca","floor":50,"turns":30},{"damage":28,"enemies":"Time Eater","floor":51,"turns":13},{"damage":1,"enemies":"Shield and Spear","floor":55,"turns":9},{"damage":71,"enemies":"The Heart","floor":56,"turns":8}],"green_key_taken_log":42,"seed_played":"2351933825648057560","neow_bonus_log":{"cardsObtained":[],"cardsUpgraded":[],"cardsRemoved":[],"cardsTransformed":[],"relicsObtained":[],"maxHpGained":12,"goldGained":0,"damageTaken":0,"goldLost":99,"maxHpLost":0},"potions_obtained":[{"floor":1,"key":"Poison Potion"},{"floor":8,"key":"Energy Potion"},{"floor":14,"key":"SkillPotion"},{"floor":16,"key":"CunningPotion"},{"floor":18,"key":"Strength Potion"},{"floor":33,"key":"Regen Potion"}],"is_trial":false,"path_per_floor":["M","M","M","?","M","R","E","M","T","$","M","E","R","M","R","B",null,"M","M","?","?","?","E","R","M","T","E","M","E","R","T","R","B",null,"M","$","M","M","M","E","?","E","T","?","R","M","R","M","R","B","B",null,"R","$","E","B",null],"character_chosen":"THE_SILENT","items_purchased":["Acrobatics","Backflip","GhostInAJar","Toolbox","DistilledChaos","PowerPotion"],"campfire_rested":0,"item_purchase_floors":[10,10,36,36,54,54],"current_hp_per_floor":[71,69,67,67,66,66,29,29,36,36,36,34,34,34,34,34,72,68,70,70,60,60,35,35,30,30,44,44,46,46,46,46,34,57,58,58,64,66,66,13,13,11,11,11,11,23,23,36,36,66,52,63,63,63,66,8],"gold":99,"neow_bonus":"TWENTY_PERCENT_HP_BONUS","is_prod":false,"is_daily":false,"rewards_skipped":[{"floor":11,"relics":[],"potions":["FearPotion"]},{"floor":37,"relics":[],"potions":["SteroidPotion"]},{"floor":38,"relics":[],"potions":["FearPotion"]},{"floor":39,"relics":[],"potions":["SteroidPotion"]},{"floor":42,"relics":[],"potions":["EssenceOfSteel"]}],"chose_seed":false,"campfire_upgraded":9,"win_rate":0,"floor_exit_playtime":[162,227,305,357,504,511,685,731,737,804,871,942,948,983,990,1092,1220,1292,1404,1422,1441,1526,1654,1684,1806,1811,1951,2011,2112,2121,2131,2138,2513,2666,2790,2885,3105,3240,3368,3752,3836,4248,4250,4453,4500,4786,4799,4997,5096,5968,6459,6472,6573,6677,7494,8380],"timestamp":1673313126,"blue_key_relic_skipped_log":{"floor":31,"relicID":"Boot"},"path_taken":["M","M","M","?","M","R","E","M","T","?","M","E","R","M","R","BOSS","M","M","?","?","?","E","R","M","T","E","M","E","R","?","R","BOSS","M","?","M","M","M","E","?","E","T","?","R","?","R","M","R","BOSS","BOSS","R","$","E","BOSS"],"build_version":"2022-12-18","purchased_purges":1,"victory":true,"max_hp_per_floor":[78,78,78,78,78,78,78,78,85,85,85,85,85,85,85,85,85,85,87,87,60,60,60,60,60,60,62,62,64,64,64,64,64,64,64,64,64,66,66,66,66,66,66,66,66,66,66,66,66,66,66,66,66,66,66,66],"relic_stats":{"Darkstone Periapt":0,"Singing Bowl":8,"counters":[30,171],"CeramicFish":99,"Blue Candle":[6],"HoveringKite":[114],"Snake Skull":[31],"Pen Nib":[23],"War Paint":["Acrobatics","Night Terror"],"Mercury Hourglass":[476],"Centennial Puzzle":[36],"Nunchaku":[14],"obtain_stats":[{"Darkstone Periapt":44,"Singing Bowl":12,"CeramicFish":29,"Blue Candle":40,"HoveringKite":17,"Oddly Smooth Stone":34,"Snake Skull":20,"Pen Nib":27,"Paper Crane":34,"War Paint":42,"Mercury Hourglass":7,"Calling Bell":34,"Centennial Puzzle":23,"Anchor":26,"Nunchaku":43,"Strawberry":9,"MutagenicStrength":22,"Toolbox":36,"TungstenRod":34,"Toy Ornithopter":55,"Ring of the Snake":0},{"Darkstone Periapt":24,"Singing Bowl":8,"CeramicFish":17,"Blue Candle":23,"HoveringKite":10,"Oddly Smooth Stone":18,"Snake Skull":12,"Pen Nib":15,"Paper Crane":18,"War Paint":24,"Mercury Hourglass":5,"Calling Bell":18,"Centennial Puzzle":13,"Anchor":14,"Nunchaku":24,"Strawberry":6,"MutagenicStrength":12,"Toolbox":19,"TungstenRod":18,"Toy Ornithopter":29,"Ring of the Snake":0},{"Darkstone Periapt":97,"Singing Bowl":32,"CeramicFish":61,"Blue Candle":91,"HoveringKite":37,"Oddly Smooth Stone":66,"Snake Skull":43,"Pen Nib":56,"Paper Crane":66,"War Paint":97,"Mercury Hourglass":25,"Calling Bell":66,"Centennial Puzzle":49,"Anchor":51,"Nunchaku":97,"Strawberry":26,"MutagenicStrength":43,"Toolbox":68,"TungstenRod":66,"Toy Ornithopter":163,"Ring of the Snake":0}],"TungstenRod":82,"Toy Ornithopter":5,"Ring of the Snake":[60]},"card_choices":[{"not_picked":["Footwork","Reflex"],"picked":"Underhanded Strike","floor":1},{"not_picked":["Escape Plan","Cloak And Dagger"],"picked":"Flying Knee","floor":2},{"not_picked":["Bouncing Flask","Predator"],"picked":"Backstab","floor":3},{"not_picked":["Distraction","PiercingWail"],"picked":"Slice","floor":5},{"not_picked":["Underhanded Strike","Choke"],"picked":"Acrobatics","floor":7},{"not_picked":["Deadly Poison","Bouncing Flask","Finisher"],"picked":"SKIP","floor":8},{"not_picked":["Deadly Poison","Bouncing Flask","Finisher"],"picked":"SKIP","floor":8},{"not_picked":["Dagger Spray","Backflip"],"picked":"Glass Knife","floor":11},{"not_picked":["Caltrops","Blade Dance"],"picked":"Calculated Gamble","floor":12},{"not_picked":["Slice","Deflect"],"picked":"Eviscerate","floor":14},{"not_picked":["A Thousand Cuts","Die Die Die"],"picked":"Tools of the Trade","floor":16},{"not_picked":["Dagger Throw","Predator"],"picked":"Well Laid Plans","floor":18},{"not_picked":["Bane","Expertise","Dagger Spray"],"picked":"Singing Bowl","floor":19},{"not_picked":["Bane","Flying Knee"],"picked":"PiercingWail","floor":23},{"not_picked":["Deflect+1","Quick Slash"],"picked":"Leg Sweep","floor":25},{"not_picked":["Sucker Punch","Cloak And Dagger","Poisoned Stab"],"picked":"Singing Bowl","floor":27},{"not_picked":["Dodge and Roll","Bane"],"picked":"Phantasmal Killer","floor":28},{"not_picked":["Cloak And Dagger","Sucker Punch","Outmaneuver"],"picked":"Singing Bowl","floor":29},{"not_picked":["Glass Knife","Phantasmal Killer"],"picked":"Night Terror","floor":33},{"not_picked":["Riddle With Holes","Distraction"],"picked":"Dash+1","floor":35},{"not_picked":["Quick Slash","Flying Knee"],"picked":"PiercingWail","floor":37},{"not_picked":["All Out Attack","Concentrate","Catalyst"],"picked":"Singing Bowl","floor":38},{"not_picked":["Sucker Punch","Infinite Blades+1"],"picked":"Backflip","floor":39},{"not_picked":["Dash","Endless Agony"],"picked":"Noxious Fumes","floor":40},{"not_picked":["Thinking Ahead","Panache"],"picked":"PanicButton","floor":41},{"not_picked":["Dash+1","Concentrate"],"picked":"Dodge and Roll+1","floor":42},{"not_picked":["Prepared","Endless Agony"],"picked":"PiercingWail","floor":46},{"not_picked":["PiercingWail","Acrobatics+1"],"picked":"Outmaneuver+1","floor":48},{"not_picked":["Underhanded Strike+1","Sucker Punch"],"picked":"Backflip","floor":55}],"player_experience":4964110,"relics_obtained":[{"floor":7,"key":"Mercury Hourglass"},{"floor":9,"key":"Strawberry"},{"floor":12,"key":"Singing Bowl"},{"floor":23,"key":"Centennial Puzzle"},{"floor":26,"key":"Anchor"},{"floor":27,"key":"Pen Nib"},{"floor":29,"key":"CeramicFish"},{"floor":34,"key":"Oddly Smooth Stone"},{"floor":34,"key":"Paper Crane"},{"floor":34,"key":"TungstenRod"},{"floor":40,"key":"Blue Candle"},{"floor":42,"key":"War Paint"},{"floor":43,"key":"Nunchaku"},{"floor":55,"key":"Toy Ornithopter"}],"event_choices":[{"damage_healed":0,"gold_gain":0,"player_choice":"1 cards matched","damage_taken":0,"max_hp_gain":0,"max_hp_loss":0,"event_name":"Match and Keep!","floor":4,"gold_loss":0,"cards_obtained":["Terror"]},{"damage_healed":0,"gold_gain":0,"player_choice":"Obtained Relic","damage_taken":0,"relics_obtained":["Snake Skull"],"max_hp_gain":0,"max_hp_loss":0,"event_name":"Addict","floor":20,"gold_loss":85},{"damage_healed":0,"gold_gain":0,"player_choice":"Became a vampire","damage_taken":0,"max_hp_gain":0,"max_hp_loss":27,"event_name":"Vampires","floor":21,"gold_loss":0,"cards_obtained":["Bite","Bite","Bite","Bite","Bite"]},{"damage_healed":0,"gold_gain":0,"player_choice":"Inject Mutagens","damage_taken":0,"relics_obtained":["MutagenicStrength"],"max_hp_gain":0,"max_hp_loss":0,"event_name":"Drug Dealer","floor":22,"gold_loss":0},{"damage_healed":0,"gold_gain":0,"player_choice":"Memory 1","damage_taken":0,"max_hp_gain":0,"max_hp_loss":0,"event_name":"SensoryStone","floor":41,"gold_loss":0},{"damage_healed":0,"gold_gain":0,"player_choice":"Paid Gold","damage_taken":0,"relics_obtained":["Darkstone Periapt"],"max_hp_gain":0,"max_hp_loss":0,"event_name":"WeMeetAgain","floor":44,"gold_loss":79}],"is_beta":false,"boss_relics":[{"not_picked":["Coffee Dripper","Runic Dome"],"picked":"HoveringKite"},{"not_picked":["WristBlade","Busted Crown"],"picked":"Calling Bell"}],"items_purged_floors":[10],"is_endless":false,"potions_floor_spawned":[1,8,11,14,16,18,33,37,38,39,42],"ascension_level":20,"potion_discard_per_floor":[[],[],[],[],[],[],[],[],[],[],[],[],[],[],[],["SkillPotion"],[],["Energy Potion"],[],[],[],[],[],[],[],[],[],[],[],[],[],[],[],[],[],["Regen Potion"],[],[],[],[],[],[],[],[],[],[],[],[],[],[],[],[],[],["CunningPotion"],[],[],[]]}