{"neow_bonuses_skipped_log":["THREE_ENEMY_KILL","ONE_RARE_RELIC","BOSS_RELIC"],"neow_costs_skipped_log":["NONE","NO_GOLD","NONE"],"potions_obtained_entropic_brew":[[],[],[],[],[],[],[],[],[],[],[],[],[],[],[],[],[],[],[],[],[],[],[],[],[],[],[],[],[],[],[],[],[],[],[],[],[],[],[],[],[],[],[],[],[],[],[],[],[],[],[],[],[],[],[],[],[]],"gold_per_floor":[112,132,132,47,63,91,110,141,141,151,166,192,202,215,215,294,294,313,345,356,356,368,368,217,217,217,243,28,28,68,90,90,173,173,202,220,579,213,232,232,270,291,291,320,347,375,375,402,402,402,402,402,402,76,112,112],"floor_reached":57,"playtime":4477,"items_purged":["Strike_B","Strike_B"],"score":3154,"play_id":"9e8ae10b-a43a-454d-97a7-2ac84cc605fb","local_time":"20240212190239","score_breakdown":["Floors Climbed (57): 285","Enemies Slain (16): 32","Exordium Elites Killed (3): 30","City Elites Killed (2): 40","Beyond Elites Killed (3): 90","Bosses Slain (5): 750","Money Money (1261): 25","Librarian: 25","Champion (5): 125","Perfect (1): 50","C-c-c-combo: 25","Ascension (20): 1427","Heartbreaker: 250"],"is_ascension_mode":true,"potions_obtained_alchemize":[[],[],[],[],[],[],[],[],[],[],[],[],[],[],[],[],[],[],[],[],[],[],[],[],[],[],[],[],[],[],[],[],[],[],[],[],[],[],[],[],[],[],[],[],[],[],[],[],[],[],[],[],[],[],[],[],[]],"campfire_choices":[{"data":"Redo","floor":15,"key":"SMITH"},{"floor":23,"key":"REST"},{"data":"Defragment","floor":25,"key":"SMITH"},{"data":"Heatsinks","floor":29,"key":"SMITH"},{"floor":32,"key":"RECALL"},{"data":"Doom and Gloom","floor":40,"key":"SMITH"},{"data":"Dualcast","floor":47,"key":"SMITH"},{"data":"Zap","floor":49,"key":"SMITH"},{"data":"Self Repair","floor":53,"key":"SMITH"}],"lesson_learned_per_floor":[[],[],[],[],[],[],[],[],[],[],[],[],[],[],[],[],[],[],[],[],[],[],[],[],[],[],[],[],[],[],[],[],[],[],[],[],[],[],[],[],[],[],[],[],[],[],[],[],[],[],[],[],[],[],[],[],[]],"neow_cost":"NONE","improvable_cards":{"Genetic Algorithm":[54]},"seed_source_timestamp":17533505268343,"shop_contents":[{"floor":4,"relics":["Emotion Chip","Potion Belt","OrangePellets"],"cards":["Streamline","Compile Driver","Consume","Biased Cognition","Forethought","Violence"],"potions":["Weak Potion","SpeedPotion","Strength Potion"]},{"floor":24,"relics":["Tiny Chest","Art of War","TheAbacus"],"cards":["Streamline","Blizzard","Leap+1","Force Field+1","Enlightenment+1","Secret Weapon+1"],"potions":["ColorlessPotion","Swift Potion","Fire Potion"]},{"floor":28,"relics":["Unceasing Top","Boot","Sling"],"cards":["Scrape","Sunder","Leap+1","Secret Weapon+1"],"potions":["Dexterity Potion","LiquidMemories","Regen Potion"]},{"floor":38,"relics":["Akabeko","Pear"],"cards":["Streamline","FTL","Redo+1","Purity+1","Thinking Ahead+1"],"potions":["DuplicationPotion","Fire Potion","PowerPotion"]},{"floor":54,"relics":["Vajra","Letter Opener","Cauldron"],"cards":["Scrape","Streamline","Steam+1","Blind+1","Thinking Ahead+1"],"potions":["Block Potion"]}],"circlet_count":0,"master_deck":["AscendersBane","Strike_B","Defend_B","Defend_B","Defend_B","Defend_B","Zap+1","Dualcast+1","FTL","Undo","Glacier","Doom and Gloom+1","Conserve Battery","Hologram","Genetic Algorithm","Redo+1","Undo+1","Steam+1","Multi-Cast+1","Conserve Battery+1","Skim+1","Compile Driver+1","Defragment+1","Coolheaded+1","Aggregate+1","Heatsinks+1","Panacea+1","Double Energy+1","Defragment+1","Amplify+1","Compile Driver","Madness+1","Madness+1","Compile Driver+1","Defragment+1","Recycle+1","Self Repair+1","Hologram+1","Seek+1","Hologram+1","Discovery+1","PanicButton+1","Flash of Steel","Cold Snap","Capacitor","Double Energy+1","Reboot+1"],"potion_use_per_floor":[[],[],[],[],[],[],[],[],[],["BlessingOfTheForge"],["DistilledChaos"],["PowerPotion"],[],[],[],[],[],[],[],[],[],["DuplicationPotion"],[],[],[],[],["Energy Potion"],[],[],[],[],[],[],[],[],[],[],[],[],[],[],[],[],[],[],[],[],[],[],[],[],[],[],["Fruit Juice"],[],["DuplicationPotion"],[]],"relics":["Cracked Core","Dead Branch","Toy Ornithopter","Lizard Tail","Toxic Egg 2","Nuclear Battery","Red Mask","TungstenRod","Gremlin Horn","CeramicFish","Coffee Dripper","Old Coin","DollysMirror","Oddly Smooth Stone","Blue Candle","Happy Flower","Shuriken"],"potions_floor_usage":[10,11,12,22,27,54,56],"damage_taken":[{"damage":0,"enemies":"Small Slimes","floor":1,"turns":2},{"damage":0,"enemies":"2 Louse","floor":2,"turns":2},{"damage":2,"enemies":"Jaw Worm","floor":5,"turns":5},{"damage":31,"enemies":"Gremlin Nob","floor":6,"turns":5},{"damage":0,"enemies":"Looter","floor":7,"turns":4},{"damage":1,"enemies":"Lagavulin","floor":8,"turns":9},{"damage":8,"enemies":"3 Louse","floor":10,"turns":3},{"damage":0,"enemies":"Lots of Slimes","floor":11,"turns":4},{"damage":0,"enemies":"3 Sentries","floor":12,"turns":11},{"damage":0,"enemies":"Large Slime","floor":13,"turns":6},{"damage":0,"enemies":"2 Fungi Beasts","floor":14,"turns":4},{"damage":18,"enemies":"The Guardian","floor":16,"turns":17},{"damage":0,"enemies":"Shell Parasite","floor":18,"turns":4},{"damage":7,"enemies":"Masked Bandits","floor":19,"turns":4},{"damage":1,"enemies":"Spheric Guardian","floor":20,"turns":6},{"damage":0,"enemies":"Cultist and Chosen","floor":22,"turns":9},{"damage":4,"enemies":"Book of Stabbing","floor":27,"turns":4},{"damage":11,"enemies":"Slavers","floor":30,"turns":4},{"damage":0,"enemies":"3 Cultists","floor":31,"turns":4},{"damage":20,"enemies":"Automaton","floor":33,"turns":12},{"damage":0,"enemies":"3 Shapes","floor":35,"turns":2},{"damage":0,"enemies":"2 Orb Walkers","floor":37,"turns":6},{"damage":0,"enemies":"Orb Walker","floor":39,"turns":4},{"damage":0,"enemies":"Giant Head","floor":41,"turns":6},{"damage":0,"enemies":"Maw","floor":42,"turns":3},{"damage":0,"enemies":"Nemesis","floor":44,"turns":5},{"damage":0,"enemies":"Reptomancer","floor":46,"turns":4},{"damage":0,"enemies":"Sphere and 2 Shapes","floor":48,"turns":3},{"damage":0,"enemies":"Donu and Deca","floor":50,"turns":1},{"damage":23,"enemies":"Awakened One","floor":51,"turns":10},{"damage":0,"enemies":"Shield and Spear","floor":55,"turns":3},{"damage":24,"enemies":"The Heart","floor":56,"turns":5}],"green_key_taken_log":27,"seed_played":"5608260044472211305","neow_bonus_log":{"cardsObtained":["FTL"],"cardsUpgraded":[],"cardsRemoved":[],"cardsTransformed":["Strike_B"],"relicsObtained":[],"maxHpGained":0,"goldGained":0,"damageTaken":0,"goldLost":0,"maxHpLost":0},"potions_obtained":[{"floor":5,"key":"BlessingOfTheForge"},{"floor":6,"key":"PowerPotion"},{"floor":10,"key":"DistilledChaos"},{"floor":11,"key":"FearPotion"},{"floor":12,"key":"DuplicationPotion"},{"floor":13,"key":"SkillPotion"},{"floor":16,"key":"Energy Potion"},{"floor":22,"key":"FairyPotion"},{"floor":30,"key":"SpeedPotion"}],"is_trial":false,"path_per_floor":["M","M","?","$","M","E","M","E","T","M","M","E","M","M","R","B",null,"M","?","M","?","M","R","$","R","T","E","$","R","E","M","R","B",null,"M","?","?","$","M","R","E","M","T","E","?","E","R","M","R","B","B",null,"R","$","E","B",null],"character_chosen":"DEFECT","basemod:card_modifiers":[null,null,null,null,null,null,null,null,null,null,null,null,null,null,null,null,null,null,null,null,null,null,null,null,null,null,null,null,null,null,null,null,null,null,null,null,null,null,null,null,null,null,null,null,null,null,null],"items_purchased":["Glacier","Defragment","Aggregate+1","Heatsinks","Panacea+1","DollysMirror","Recycle+1","Self Repair","Capacitor","Double Energy+1","Fruit Juice","DuplicationPotion"],"campfire_rested":1,"item_purchase_floors":[4,24,28,28,28,38,38,38,54,54,54,54],"current_hp_per_floor":[64,64,64,64,62,31,31,30,30,27,32,37,37,37,37,19,58,58,51,50,30,35,57,57,57,57,58,58,58,47,47,47,27,64,64,51,51,51,58,58,65,72,72,76,67,76,76,76,76,76,67,74,74,81,81,69],"gold":112,"neow_bonus":"TRANSFORM_CARD","is_prod":false,"is_daily":false,"rewards_skipped":[{"floor":33,"relics":[],"potions":["Weak Potion"]},{"floor":35,"relics":[],"potions":["CultistPotion"]},{"floor":39,"relics":[],"potions":["Block Potion"]},{"floor":41,"relics":[],"potions":["Block Potion"]},{"floor":42,"relics":[],"potions":["AttackPotion"]},{"floor":48,"relics":[],"potions":["Explosive Potion"]}],"chose_seed":false,"campfire_upgraded":7,"win_rate":0,"floor_exit_playtime":[203,229,236,258,292,349,398,512,515,605,672,803,871,916,926,1140,1182,1245,1335,1419,1427,1606,1618,1634,1643,1646,1761,1778,1784,1904,2001,2013,2227,2255,2310,2335,2498,2524,2624,2658,2854,2968,2972,3167,3219,3408,3437,3561,3573,3674,4000,4011,4032,4052,4261,4477],"timestamp":1707782559,"blue_key_relic_skipped_log":{"floor":43,"relicID":"Ornamental Fan"},"path_taken":["M","M","?","$","M","E","M","E","T","M","M","E","?","M","R","BOSS","M","?","M","?","M","R","$","R","T","E","$","R","E","M","R","BOSS","M","?","?","$","M","R","E","M","T","E","?","E","R","M","R","BOSS","BOSS","R","$","E","BOSS"],"build_version":"2022-12-18","purchased_purges":2,"victory":true,"max_hp_per_floor":[71,71,71,71,71,71,71,71,71,71,71,71,71,71,71,71,71,71,71,71,76,76,76,76,76,76,76,76,76,76,76,76,76,76,76,76,76,76,76,76,76,76,76,76,76,76,76,76,76,76,76,76,76,81,81,81],"relic_stats":{"Lizard Tail":0,"Gremlin Horn":[14,17],"Happy Flower":[7],"counters":[32,170],"Shuriken":[4],"Dead Branch":[223],"CeramicFish":180,"Blue Candle":[4],"obtain_stats":[{"Gremlin Horn":27,"Happy Flower":46,"Dead Branch":6,"CeramicFish":30,"Blue Candle":44,"Oddly Smooth Stone":41,"Nuclear Battery":17,"Old Coin":37,"Lizard Tail":9,"DollysMirror":38,"Shuriken":55,"Red Mask":19,"Coffee Dripper":34,"Toxic Egg 2":12,"Cracked Core":0,"Toy Ornithopter":8,"TungstenRod":26},{"Gremlin Horn":17,"Happy Flower":27,"Dead Branch":4,"CeramicFish":18,"Blue Candle":26,"Oddly Smooth Stone":24,"Nuclear Battery":12,"Old Coin":22,"Lizard Tail":6,"DollysMirror":22,"Shuriken":31,"Red Mask":14,"Coffee Dripper":20,"Toxic Egg 2":9,"Cracked Core":0,"Toy Ornithopter":6,"TungstenRod":16},{"Gremlin Horn":99,"Happy Flower":149,"Dead Branch":14,"CeramicFish":103,"Blue Candle":145,"Oddly Smooth Stone":137,"Nuclear Battery":72,"Old Coin":127,"Lizard Tail":27,"DollysMirror":127,"Shuriken":166,"Red Mask":80,"Coffee Dripper":119,"Toxic Egg 2":45,"Cracked Core":0,"Toy Ornithopter":27,"TungstenRod":95}],"Toy Ornithopter":29,"TungstenRod":27},"card_choices":[{"not_picked":["Reinforced Body","Redo"],"picked":"Undo","floor":1},{"not_picked":["Go for the Eyes","Barrage","Melter"],"picked":"SKIP","floor":2},{"not_picked":["Melter","Reprogram"],"picked":"Doom and Gloom","floor":5},{"not_picked":["Gash","Scrape"],"picked":"Conserve Battery","floor":6},{"not_picked":["Darkness","Leap"],"picked":"Hologram","floor":7},{"not_picked":["Beam Cell","Go for the Eyes"],"picked":"Genetic Algorithm","floor":8},{"not_picked":["Sweeping Beam","Stack"],"picked":"Redo","floor":10},{"not_picked":["Hello World","Barrage"],"picked":"Undo+1","floor":12},{"not_picked":["Auto Shields+1","Barrage"],"picked":"Steam+1","floor":13},{"not_picked":["Machine Learning","Creative AI"],"picked":"Multi-Cast+1","floor":16},{"not_picked":["Barrage","Go for the Eyes"],"picked":"Conserve Battery+1","floor":19},{"not_picked":["Hologram+1","Go for the Eyes"],"picked":"Skim+1","floor":20},{"not_picked":["Streamline","Redo+1"],"picked":"Compile Driver+1","floor":22},{"not_picked":["Auto Shields+1","Reboot+1"],"picked":"Coolheaded+1","floor":27},{"not_picked":["Gash","Rebound"],"picked":"Double Energy+1","floor":30},{"not_picked":["Chill+1","Skim+1"],"picked":"Defragment+1","floor":31},{"not_picked":["Thunder Strike","Creative AI"],"picked":"Amplify+1","floor":33},{"not_picked":["Streamline","Beam Cell"],"picked":"Compile Driver","floor":35},{"not_picked":["Stack+1","Blizzard"],"picked":"Compile Driver+1","floor":37},{"not_picked":["Stack+1","Steam+1"],"picked":"Hologram+1","floor":39},{"not_picked":["Auto Shields+1","Compile Driver"],"picked":"Seek+1","floor":41},{"not_picked":["Stack+1","Conserve Battery+1"],"picked":"Hologram+1","floor":42},{"not_picked":["Thunder Strike","Reprogram+1","Rebound+1"],"picked":"SKIP","floor":44},{"not_picked":["Madness+1","Flash of Steel"],"picked":"Discovery+1","floor":45},{"not_picked":["Bandage Up+1","Deep Breath+1"],"picked":"PanicButton+1","floor":45},{"not_picked":["Forethought+1","Magnetism"],"picked":"Flash of Steel","floor":45},{"not_picked":["Barrage","Static Discharge","Ball Lightning"],"picked":"SKIP","floor":46},{"not_picked":["Compile Driver","Barrage"],"picked":"Cold Snap","floor":48},{"not_picked":["Streamline","Cold Snap"],"picked":"Reboot+1","floor":55}],"player_experience":6043100,"relics_obtained":[{"floor":6,"key":"Dead Branch"},{"floor":8,"key":"Toy Ornithopter"},{"floor":9,"key":"Lizard Tail"},{"floor":12,"key":"Toxic Egg 2"},{"floor":19,"key":"Red Mask"},{"floor":26,"key":"TungstenRod"},{"floor":27,"key":"Gremlin Horn"},{"floor":30,"key":"CeramicFish"},{"floor":37,"key":"Old Coin"},{"floor":41,"key":"Oddly Smooth Stone"},{"floor":44,"key":"Blue Candle"},{"floor":46,"key":"Happy Flower"},{"floor":55,"key":"Shuriken"}],"event_choices":[{"damage_healed":0,"gold_gain":0,"player_choice":"Leave","damage_taken":0,"max_hp_gain":0,"max_hp_loss":0,"event_name":"The Cleric","floor":3,"gold_loss":0},{"damage_healed":0,"gold_gain":0,"player_choice":"Fought Bandits","damage_taken":0,"max_hp_gain":0,"max_hp_loss":0,"event_name":"Masked Bandits","floor":19,"gold_loss":0},{"damage_healed":0,"gold_gain":0,"player_choice":"Shed Blood","damage_taken":25,"max_hp_gain":5,"max_hp_loss":0,"event_name":"Forgotten Altar","floor":21,"gold_loss":0},{"damage_healed":0,"gold_gain":0,"player_choice":"Embrace Madness","damage_taken":14,"max_hp_gain":0,"max_hp_loss":0,"event_name":"Winding Halls","floor":36,"gold_loss":0,"cards_obtained":["Madness","Madness"]},{"damage_healed":0,"gold_gain":0,"player_choice":"Fight","damage_taken":0,"max_hp_gain":0,"max_hp_loss":0,"event_name":"Mysterious Sphere","floor":37,"gold_loss":0},{"damage_healed":0,"gold_gain":0,"player_choice":"Memory 3","damage_taken":10,"max_hp_gain":0,"max_hp_loss":0,"event_name":"SensoryStone","floor":45,"gold_loss":0}],"is_beta":false,"boss_relics":[{"not_picked":["Calling Bell","FrozenCore"],"picked":"Nuclear Battery"},{"not_picked":["Pandora\u0027s Box","Empty Cage"],"picked":"Coffee Dripper"}],"items_purged_floors":[24,38],"is_endless":false,"potions_floor_spawned":[5,6,10,11,12,13,16,22,30,33,35,39,41,42,48],"ascension_level":20,"potion_discard_per_floor":[[],[],[],[],[],[],[],[],[],[],[],[],["FearPotion"],[],[],["SkillPotion"],[],[],[],[],[],[],[],[],[],[],[],[],[],[],[],[],[],[],[],[],[],[],[],[],[],[],[],[],[],[],[],[],[],[],[],[],[],["SpeedPotion"],[],[],[]]}