{"neow_bonuses_skipped_log":["REMOVE_CARD","HUNDRED_GOLD","BOSS_RELIC"],"neow_costs_skipped_log":["NONE","NONE","NONE"],"potions_obtained_entropic_brew":[[],[],[],[],[],[],[],[],[],[],[],[],[],[],[],[],[],[],[],[],[],[],[],[],[],[],[],[],[],[],[],[],[],[],[],[],[],[],[],[],[],[],[],[],[],[],[],[],[],[],[],[],[],[],[],[],[]],"gold_per_floor":[19,36,49,49,64,89,89,123,123,123,135,161,173,173,173,250,250,262,262,276,276,28,28,28,28,28,28,38,58,58,93,93,170,170,180,180,180,191,203,234,234,269,269,269,269,182,207,232,232,232,232,232,232,70,102,102],"floor_reached":57,"playtime":4621,"items_purged":["Zap"],"score":2852,"play_id":"90031374-5d50-489f-9e20-885499ecf0ea","local_time":"20240205230532","score_breakdown":["Floors Climbed (57): 285","Enemies Slain (13): 26","Exordium Elites Killed (3): 30","City Elites Killed (1): 20","Beyond Elites Killed (3): 90","Bosses Slain (5): 750","Champion (2): 50","Overkill: 25","C-c-c-combo: 25","Ascension (20): 1301","Heartbreaker: 250"],"is_ascension_mode":true,"potions_obtained_alchemize":[[],[],[],[],[],[],[],[],[],[],[],[],[],[],[],[],[],[],[],[],[],[],[],[],[],[],[],[],[],[],[],[],[],[],[],[],[],[],[],[],[],[],[],[],[],[],[],[],[],[],[],[],[],[],[],[],[]],"campfire_choices":[{"data":"Defragment","floor":7,"key":"SMITH"},{"floor":10,"key":"REST"},{"data":"Sweeping Beam","floor":15,"key":"SMITH"},{"data":"Beam Cell","floor":23,"key":"SMITH"},{"floor":25,"key":"REST"},{"floor":27,"key":"REST"},{"data":"Double Energy","floor":30,"key":"SMITH"},{"floor":32,"key":"RECALL"},{"floor":41,"key":"REST"},{"data":"Electrodynamics","floor":44,"key":"SMITH"},{"data":"Undo","floor":49,"key":"SMITH"},{"floor":53,"key":"REST"}],"lesson_learned_per_floor":[[],[],[],[],[],[],[],[],[],[],[],[],[],[],[],[],[],[],[],[],[],[],[],[],[],[],[],[],[],[],[],[],[],[],[],[],[],[],[],[],[],[],[],[],[],[],[],[],[],[],[],[],[],[],[],[],[]],"neow_cost":"NO_GOLD","improvable_cards":{},"seed_source_timestamp":26979175707184,"shop_contents":[{"floor":22,"relics":["Molten Egg 2","Bronze Scales"],"cards":["Scrape","Ball Lightning","Leap+1","Chill+1","Hello World","Dramatic Entrance","Mayhem"],"potions":["Dexterity Potion","Weak Potion","PowerPotion"]},{"floor":46,"relics":["HornCleat","Ornamental Fan","Medical Kit"],"cards":["Blizzard","FTL","Fusion+1","Stack+1","Bandage Up+1","Magnetism"],"potions":["Energy Potion","SteroidPotion","AttackPotion"]},{"floor":54,"relics":["War Paint","Lantern"],"cards":["Lockon","Blizzard","Steam+1","Hologram+1","Defragment","Impatience+1","Panache"],"potions":["Swift Potion","PowerPotion","Swift Potion"]}],"circlet_count":0,"master_deck":["AscendersBane","Strike_B+1","Strike_B+1","Strike_B+1","Strike_B+1","Defend_B+1","Defend_B+1","Defend_B+1","Dualcast","Conserve Battery","Cold Snap","Defragment+1","Chill","Undo+1","Chill","Double Energy+1","Beam Cell+1","Sweeping Beam+1","Rainbow+1","Hologram+1","Double Energy+1","Chaos+1","Cold Snap+1","Fission+1","Electrodynamics+1","Glacier+1","Compile Driver","Fission+1","Echo Form","Compile Driver","Self Repair","Darkness+1","Undo+1","Amplify+1"],"potion_use_per_floor":[[],[],[],[],[],["FocusPotion"],[],[],[],[],[],["ColorlessPotion","SkillPotion"],[],[],[],[],[],["Weak Potion"],[],[],[],[],[],[],[],[],[],[],[],[],[],[],[],[],[],[],[],[],[],[],[],[],[],[],[],[],[],[],[],[],[],[],[],[],[],["GamblersBrew"],[]],"relics":["Cracked Core","Ice Cream","Mango","DataDisk","Toxic Egg 2","Cursed Key","Nilry\u0027s Codex","ClockworkSouvenir","Darkstone Periapt","Sozu","Happy Flower","Ancient Tea Set","Dream Catcher","Prayer Wheel","OrangePellets","Mercury Hourglass"],"potions_floor_usage":[6,12,12,18,56],"damage_taken":[{"damage":12,"enemies":"Jaw Worm","floor":1,"turns":3},{"damage":0,"enemies":"2 Louse","floor":2,"turns":2},{"damage":1,"enemies":"Small Slimes","floor":3,"turns":3},{"damage":0,"enemies":"2 Fungi Beasts","floor":5,"turns":6},{"damage":30,"enemies":"Gremlin Nob","floor":6,"turns":6},{"damage":4,"enemies":"3 Sentries","floor":8,"turns":14},{"damage":6,"enemies":"3 Louse","floor":11,"turns":4},{"damage":16,"enemies":"Gremlin Nob","floor":12,"turns":6},{"damage":0,"enemies":"Large Slime","floor":13,"turns":5},{"damage":16,"enemies":"The Guardian","floor":16,"turns":15},{"damage":5,"enemies":"Shell Parasite","floor":18,"turns":5},{"damage":18,"enemies":"3 Byrds","floor":20,"turns":4},{"damage":0,"enemies":"Snecko","floor":28,"turns":6},{"damage":0,"enemies":"Cultist and Chosen","floor":29,"turns":6},{"damage":6,"enemies":"Book of Stabbing","floor":31,"turns":5},{"damage":2,"enemies":"Champ","floor":33,"turns":30},{"damage":11,"enemies":"3 Darklings","floor":35,"turns":4},{"damage":0,"enemies":"3 Shapes","floor":38,"turns":5},{"damage":26,"enemies":"Transient","floor":39,"turns":6},{"damage":4,"enemies":"Nemesis","floor":40,"turns":9},{"damage":0,"enemies":"Giant Head","floor":42,"turns":10},{"damage":0,"enemies":"Nemesis","floor":47,"turns":28},{"damage":0,"enemies":"Mind Bloom Boss Battle","floor":48,"turns":6},{"damage":24,"enemies":"Donu and Deca","floor":50,"turns":18},{"damage":19,"enemies":"Time Eater","floor":51,"turns":33},{"damage":33,"enemies":"Shield and Spear","floor":55,"turns":15},{"damage":61,"enemies":"The Heart","floor":56,"turns":10}],"green_key_taken_log":12,"seed_played":"2149462436940081416","neow_bonus_log":{"cardsObtained":[],"cardsUpgraded":[],"cardsRemoved":[],"cardsTransformed":[],"relicsObtained":["Ice Cream"],"maxHpGained":0,"goldGained":0,"damageTaken":0,"goldLost":99,"maxHpLost":0},"potions_obtained":[{"floor":3,"key":"FocusPotion"},{"floor":6,"key":"SkillPotion"},{"floor":8,"key":"ColorlessPotion"},{"floor":12,"key":"Weak Potion"},{"floor":13,"key":"PotionOfCapacity"},{"floor":16,"key":"GamblersBrew"},{"floor":20,"key":"Fire Potion"},{"floor":33,"key":"FocusPotion"}],"is_trial":false,"path_per_floor":["M","M","M","?","M","E","R","E","T","R","M","E","M","?","R","B",null,"M","?","M","?","$","R","?","R","T","R","M","M","R","E","R","B",null,"M","?","?","M","M","E","R","E","T","R","?","$","E","?","R","B","B",null,"R","$","E","B",null],"character_chosen":"DEFECT","basemod:card_modifiers":[null,null,null,null,null,null,null,null,null,null,null,null,null,null,null,null,null,null,null,null,null,null,null,null,null,null,null,null,null,null,null,null,null,null],"items_purchased":["ClockworkSouvenir","Self Repair","OrangePellets"],"campfire_rested":5,"item_purchase_floors":[22,46,54],"current_hp_per_floor":[52,52,51,51,51,35,35,31,31,56,50,34,34,27,27,11,67,62,41,23,23,23,23,23,48,48,73,73,73,73,67,67,65,80,69,69,69,69,43,39,63,63,63,63,63,63,81,81,81,71,66,77,81,81,69,15],"gold":102,"neow_bonus":"ONE_RARE_RELIC","is_prod":false,"is_daily":false,"rewards_skipped":[{"floor":29,"relics":[],"potions":["Explosive Potion"]},{"floor":38,"relics":[],"potions":["Ancient Potion"]},{"floor":40,"relics":[],"potions":["SkillPotion"]},{"floor":48,"relics":[],"potions":["Explosive Potion"]}],"chose_seed":false,"campfire_upgraded":6,"win_rate":0,"floor_exit_playtime":[141,155,187,201,269,327,333,464,469,483,541,648,765,771,777,933,962,1045,1064,1136,1142,1181,1194,1229,1235,1239,1255,1336,1426,1434,1500,1506,1964,2041,2102,2140,2156,2224,2339,2474,2478,2666,2678,2690,2693,2732,3142,3259,3283,3540,3967,3978,3994,4025,4272,4621],"timestamp":1707192332,"blue_key_relic_skipped_log":{"floor":9,"relicID":"Juzu Bracelet"},"path_taken":["M","M","M","?","M","E","R","E","T","R","M","E","M","?","R","BOSS","M","?","M","?","$","R","?","R","T","R","M","M","R","E","R","BOSS","M","?","?","M","M","E","R","E","T","R","?","$","E","?","R","BOSS","BOSS","R","$","E","BOSS"],"build_version":"2022-12-18","purchased_purges":1,"victory":true,"max_hp_per_floor":[71,71,71,71,71,85,85,85,85,85,85,85,85,85,85,85,85,85,85,85,85,85,85,85,85,85,85,85,85,85,85,85,85,85,85,85,81,81,81,81,81,81,81,81,81,81,81,81,81,81,81,81,81,81,81,81],"relic_stats":{"Ice Cream":[7217],"Darkstone Periapt":0,"Happy Flower":[40],"counters":[27,264],"Nilry\u0027s Codex":[12,40,37,92],"Cursed Key":0,"Ancient Tea Set":[6],"Mercury Hourglass":[30],"Sozu":2,"OrangePellets":[9],"Dream Catcher":1,"Prayer Wheel":0,"obtain_stats":[{"Ice Cream":0,"Darkstone Periapt":31,"Happy Flower":40,"Nilry\u0027s Codex":19,"Mango":6,"Cursed Key":17,"Ancient Tea Set":42,"ClockworkSouvenir":22,"Mercury Hourglass":55,"Sozu":34,"OrangePellets":54,"DataDisk":8,"Dream Catcher":47,"Prayer Wheel":48,"Toxic Egg 2":12,"Cracked Core":0},{"Ice Cream":0,"Darkstone Periapt":15,"Happy Flower":20,"Nilry\u0027s Codex":11,"Mango":5,"Cursed Key":10,"Ancient Tea Set":21,"ClockworkSouvenir":12,"Mercury Hourglass":26,"Sozu":16,"OrangePellets":25,"DataDisk":6,"Dream Catcher":22,"Prayer Wheel":23,"Toxic Egg 2":8,"Cracked Core":0},{"Ice Cream":0,"Darkstone Periapt":90,"Happy Flower":144,"Nilry\u0027s Codex":69,"Mango":20,"Cursed Key":64,"Ancient Tea Set":154,"ClockworkSouvenir":73,"Mercury Hourglass":254,"Sozu":120,"OrangePellets":239,"DataDisk":34,"Dream Catcher":182,"Prayer Wheel":188,"Toxic Egg 2":44,"Cracked Core":0}]},"card_choices":[{"not_picked":["Force Field","Rebound"],"picked":"Conserve Battery","floor":1},{"not_picked":["Lockon","Capacitor"],"picked":"Cold Snap","floor":2},{"not_picked":["Cold Snap","BootSequence"],"picked":"Defragment","floor":3},{"not_picked":["Auto Shields","Undo"],"picked":"Chill","floor":5},{"not_picked":["Cold Snap","Aggregate"],"picked":"Undo","floor":6},{"not_picked":["Heatsinks","Compile Driver"],"picked":"Chill","floor":8},{"not_picked":["Undo","Steam"],"picked":"Double Energy","floor":11},{"not_picked":["Auto Shields+1","Hyperbeam"],"picked":"Beam Cell","floor":12},{"not_picked":["Conserve Battery+1","Undo+1"],"picked":"Sweeping Beam","floor":13},{"not_picked":["Core Surge","Meteor Strike"],"picked":"Rainbow+1","floor":16},{"not_picked":["Conserve Battery+1","Streamline+1"],"picked":"Hologram+1","floor":18},{"not_picked":["Sweeping Beam","Barrage+1"],"picked":"Double Energy+1","floor":20},{"not_picked":["Beam Cell","Hello World"],"picked":"Chaos+1","floor":28},{"not_picked":["BootSequence+1","Hologram+1"],"picked":"Cold Snap+1","floor":29},{"not_picked":["Go for the Eyes","Gash"],"picked":"Fission+1","floor":31},{"not_picked":["Buffer","Hyperbeam"],"picked":"Electrodynamics","floor":33},{"not_picked":["Reprogram+1","Barrage"],"picked":"Glacier+1","floor":35},{"not_picked":["Lockon","Streamline+1"],"picked":"Compile Driver","floor":38},{"not_picked":["Chill+1","White Noise+1"],"picked":"Fission+1","floor":39},{"not_picked":["Genetic Algorithm+1","Recycle+1"],"picked":"Echo Form","floor":40},{"not_picked":["Stack+1","Machine Learning"],"picked":"Compile Driver","floor":42},{"not_picked":["Turbo+1","Self Repair"],"picked":"Darkness+1","floor":47},{"not_picked":["Sweeping Beam","Lockon","Turbo+1"],"picked":"SKIP","floor":48},{"not_picked":["Barrage+1","Rip and Tear"],"picked":"Undo+1","floor":53},{"not_picked":["Cold Snap","Go for the Eyes"],"picked":"Amplify+1","floor":55}],"player_experience":5879334,"relics_obtained":[{"floor":6,"key":"Mango"},{"floor":8,"key":"DataDisk"},{"floor":12,"key":"Toxic Egg 2"},{"floor":19,"key":"Nilry\u0027s Codex"},{"floor":31,"key":"Darkstone Periapt"},{"floor":40,"key":"Happy Flower"},{"floor":42,"key":"Ancient Tea Set"},{"floor":47,"key":"Dream Catcher"},{"floor":48,"key":"Prayer Wheel"},{"floor":55,"key":"Mercury Hourglass"}],"event_choices":[{"damage_healed":0,"gold_gain":0,"player_choice":"Fled","damage_taken":0,"max_hp_gain":0,"max_hp_loss":0,"event_name":"Scrap Ooze","floor":4,"gold_loss":0},{"cards_removed":["Defend_B"],"damage_healed":0,"gold_gain":0,"player_choice":"Card Removal","damage_taken":7,"max_hp_gain":0,"max_hp_loss":0,"event_name":"Golden Wing","floor":14,"gold_loss":0},{"damage_healed":0,"gold_gain":0,"player_choice":"Obtained Book","damage_taken":21,"max_hp_gain":0,"max_hp_loss":0,"event_name":"Cursed Tome","floor":19,"gold_loss":0},{"damage_healed":0,"gold_gain":0,"player_choice":"Ignored","damage_taken":0,"max_hp_gain":0,"max_hp_loss":0,"event_name":"The Mausoleum","floor":21,"gold_loss":0},{"damage_healed":0,"gold_gain":0,"player_choice":"Simplicity","damage_taken":0,"max_hp_gain":0,"max_hp_loss":0,"event_name":"Back to Basics","floor":24,"gold_loss":0,"cards_upgraded":["Strike_B","Strike_B","Strike_B","Strike_B","Defend_B","Defend_B","Defend_B"]},{"damage_healed":0,"gold_gain":0,"player_choice":"Ignored","damage_taken":0,"max_hp_gain":0,"max_hp_loss":0,"event_name":"Mysterious Sphere","floor":36,"gold_loss":0},{"damage_healed":0,"gold_gain":0,"player_choice":"Max HP","damage_taken":0,"max_hp_gain":0,"max_hp_loss":4,"event_name":"Winding Halls","floor":37,"gold_loss":0},{"damage_healed":0,"gold_gain":0,"player_choice":"Ignored","damage_taken":0,"max_hp_gain":0,"max_hp_loss":0,"event_name":"Tomb of Lord Red Mask","floor":45,"gold_loss":0},{"damage_healed":0,"gold_gain":0,"player_choice":"Fight","damage_taken":0,"max_hp_gain":0,"max_hp_loss":0,"event_name":"MindBloom","floor":48,"gold_loss":0}],"is_beta":false,"boss_relics":[{"not_picked":["Ectoplasm","Calling Bell"],"picked":"Cursed Key"},{"not_picked":["Coffee Dripper","FrozenCore"],"picked":"Sozu"}],"items_purged_floors":[22],"is_endless":false,"potions_floor_spawned":[3,6,8,12,13,16,20,29,33,38,40,48],"ascension_level":20,"potion_discard_per_floor":[[],[],[],[],[],[],[],[],[],[],[],[],[],[],[],["PotionOfCapacity"],[],[],[],[],[],[],[],[],[],[],[],[],[],[],[],[],["Fire Potion"],[],[],[],[],[],[],[],[],[],[],[],[],[],[],[],[],[],[],[],[],["FocusPotion"],[],[],[]]}