{"neow_bonuses_skipped_log":["ONE_RANDOM_RARE_CARD","RANDOM_COMMON_RELIC","BOSS_RELIC"],"potions_obtained_entropic_brew":[[],[],[],[],[],[],[],[],[],[],[],[],[],[],[],[],[],[],[],[],[],[],[]],"neow_costs_skipped_log":["NONE","NONE","NONE"],"gold_per_floor":[119,132,150,15,15,58,58,58,58,58,72,91,91,125,125,221,221,241,261,261,261,285,285],"floor_reached":23,"playtime":990,"items_purged":[],"score":602,"play_id":"be94b033-4b16-4db9-b064-7ca36bce7ed9","local_time":"20240220204550","score_breakdown":["Floors Climbed (23): 115","Enemies Slain (8): 16","Exordium Elites Killed (2): 20","City Elites Killed (0): 0","Bosses Slain (1): 50","Champion (2): 50","Perfect (1): 50","Ascension (20): 301"],"is_ascension_mode":true,"potions_obtained_alchemize":[[],[],[],[],[],[],[],[],[],[],[],[],[],[],[],[],[],[],[],[],[],[],[]],"campfire_choices":[{"data":"Buffer","floor":8,"key":"SMITH"},{"data":"Lockon","floor":10,"key":"SMITH"},{"data":"Capacitor","floor":13,"key":"SMITH"},{"data":"Barrage","floor":15,"key":"SMITH"}],"lesson_learned_per_floor":[[],[],[],[],[],[],[],[],[],[],[],[],[],[],[],[],[],[],[],[],[],[],[]],"neow_cost":"TEN_PERCENT_HP_LOSS","improvable_cards":{},"seed_source_timestamp":13176543340075,"shop_contents":[{"floor":4,"relics":["Happy Flower","Bottled Flame","Chemical X"],"cards":["Scrape","Chaos","Turbo","Storm","Trip","Apotheosis"],"potions":["Weak Potion","Regen Potion"]}],"circlet_count":0,"master_deck":["AscendersBane","Strike_B","Strike_B","Strike_B","Strike_B","Defend_B","Defend_B","Defend_B","Defend_B","Zap","Dualcast","Buffer+1","Cold Snap","Cold Snap","Glacier","Lockon+1","Ball Lightning","Capacitor+1","Darkness","Barrage+1","Reboot","Compile Driver+1","Skim"],"potion_use_per_floor":[[],[],[],[],[],["FocusPotion"],[],[],[],[],[],[],[],[],[],[],[],[],[],[],[],[],["Swift Potion","GamblersBrew"]],"relics":["Cracked Core","Golden Idol","Blood Vial","Bottled Tornado","Lantern","Fusion Hammer"],"potions_floor_usage":[6,23,23],"damage_taken":[{"damage":8,"enemies":"Small Slimes","floor":1,"turns":4},{"damage":0,"enemies":"Cultist","floor":2,"turns":4},{"damage":0,"enemies":"Jaw Worm","floor":3,"turns":4},{"damage":0,"enemies":"Gremlin Nob","floor":6,"turns":4},{"damage":0,"enemies":"2 Fungi Beasts","floor":11,"turns":3},{"damage":0,"enemies":"Exordium Thugs","floor":12,"turns":5},{"damage":0,"enemies":"Lagavulin","floor":14,"turns":7},{"damage":0,"enemies":"The Guardian","floor":16,"turns":12},{"damage":0,"enemies":"Shell Parasite","floor":18,"turns":4},{"damage":0,"enemies":"Chosen","floor":19,"turns":6},{"damage":17,"enemies":"Snecko","floor":22,"turns":6},{"damage":48,"enemies":"Slavers","floor":23,"turns":5}],"green_key_taken_log":14,"seed_played":"620675403692412450","neow_bonus_log":{"cardsObtained":[],"cardsUpgraded":[],"cardsRemoved":[],"cardsTransformed":[],"relicsObtained":[],"maxHpGained":0,"goldGained":0,"damageTaken":0,"goldLost":0,"maxHpLost":7},"potions_obtained":[{"floor":3,"key":"Swift Potion"},{"floor":11,"key":"Ancient Potion"},{"floor":16,"key":"FearPotion"},{"floor":19,"key":"GamblersBrew"}],"is_trial":false,"path_per_floor":["M","M","M","$","?","E","?","R","T","R","M","M","R","E","R","B",null,"M","M","?","?","M","E"],"character_chosen":"DEFECT","basemod:card_modifiers":[null,null,null,null,null,null,null,null,null,null,null,null,null,null,null,null,null,null,null,null,null,null,null],"items_purchased":["FocusPotion","Lockon"],"campfire_rested":0,"item_purchase_floors":[4,4],"current_hp_per_floor":[56,56,56,56,56,56,61,61,61,61,63,63,63,63,63,63,63,63,63,59,59,44,0],"gold":285,"neow_bonus":"THREE_RARE_CARDS","is_prod":false,"is_daily":false,"rewards_skipped":[{"floor":14,"relics":[],"potions":["SpeedPotion"]}],"chose_seed":false,"campfire_upgraded":4,"win_rate":0,"floor_exit_playtime":[80,107,146,175,190,239,252,260,279,286,310,356,362,441,446,619,659,708,773,785,788,862],"timestamp":1708479950,"path_taken":["M","M","M","$","?","E","?","R","T","R","M","?","R","E","R","BOSS","M","M","?","?","M","E"],"build_version":"2022-12-18","purchased_purges":0,"victory":false,"max_hp_per_floor":[64,64,64,64,58,58,63,63,63,63,63,63,63,63,63,63,63,63,63,63,63,63,63],"relic_stats":{"Blood Vial":6,"counters":[12,64],"Golden Idol":55,"Bottled Tornado":"Buffer","obtain_stats":[{"Blood Vial":6,"Lantern":14,"Golden Idol":5,"Fusion Hammer":17,"Bottled Tornado":9,"Cracked Core":0},{"Blood Vial":4,"Lantern":7,"Golden Idol":3,"Fusion Hammer":8,"Bottled Tornado":4,"Cracked Core":0},{"Blood Vial":16,"Lantern":31,"Golden Idol":12,"Fusion Hammer":43,"Bottled Tornado":16,"Cracked Core":0}]},"card_choices":[{"not_picked":["Reboot","Meteor Strike"],"picked":"Buffer","floor":0},{"not_picked":["Reinforced Body","Compile Driver"],"picked":"Cold Snap","floor":1},{"not_picked":["Coolheaded","Go for the Eyes"],"picked":"Cold Snap","floor":2},{"not_picked":["Aggregate","Hello World"],"picked":"Glacier","floor":3},{"not_picked":["Hologram","Leap"],"picked":"Ball Lightning","floor":6},{"not_picked":["Stack","Redo"],"picked":"Capacitor","floor":11},{"not_picked":["Scrape","Go for the Eyes"],"picked":"Darkness","floor":12},{"not_picked":["Machine Learning","Storm"],"picked":"Barrage","floor":14},{"not_picked":["Machine Learning","Creative AI"],"picked":"Reboot","floor":16},{"not_picked":["Steam","Barrage"],"picked":"Compile Driver+1","floor":18},{"not_picked":["Stack","Doom and Gloom"],"picked":"Skim","floor":19}],"player_experience":6219757,"relics_obtained":[{"floor":6,"key":"Blood Vial"},{"floor":9,"key":"Bottled Tornado"},{"floor":14,"key":"Lantern"}],"event_choices":[{"damage_healed":0,"gold_gain":0,"player_choice":"Lose Max HP","damage_taken":0,"relics_obtained":["Golden Idol"],"max_hp_gain":0,"max_hp_loss":6,"event_name":"Golden Idol","floor":5,"gold_loss":0},{"damage_healed":0,"gold_gain":0,"player_choice":"Donut","damage_taken":0,"max_hp_gain":5,"max_hp_loss":0,"event_name":"Big Fish","floor":7,"gold_loss":0},{"damage_healed":0,"gold_gain":0,"player_choice":"Bought 0 Potions","damage_taken":0,"max_hp_gain":0,"max_hp_loss":0,"event_name":"The Woman in Blue","floor":20,"gold_loss":0},{"damage_healed":0,"gold_gain":0,"player_choice":"Ignored","damage_taken":0,"max_hp_gain":0,"max_hp_loss":0,"event_name":"Ghosts","floor":21,"gold_loss":0}],"is_beta":false,"boss_relics":[{"not_picked":["Empty Cage","Calling Bell"],"picked":"Fusion Hammer"}],"items_purged_floors":[],"is_endless":false,"potions_floor_spawned":[3,11,14,16,19],"killed_by":"Slavers","ascension_level":20,"potion_discard_per_floor":[[],[],[],[],[],[],[],[],[],[],[],[],[],[],[],["Ancient Potion"],[],[],["FearPotion"],[],[],[],[]]}