{"neow_bonuses_skipped_log":["RANDOM_COLORLESS","RANDOM_COMMON_RELIC","BOSS_RELIC"],"potions_obtained_entropic_brew":[[],[],[],[],[],[],[],[],[],[],[],[],[],[],[],[],[],[],[],[],[],[],[],[],[],[],[],[],[],[],[],[],[],[],[],[],[],[],[],[],[],[],[],[],[],[],[],[],[],[],[],[],[],[],[],[],[]],"neow_costs_skipped_log":["NONE","NONE","NONE"],"gold_per_floor":[118,130,141,22,38,38,71,71,96,131,153,184,196,227,239,322,334,321,350,32,44,54,54,88,88,88,88,133,242,242,281,281,367,367,396,6,1023,1049,1049,1049,1075,499,499,520,520,132,152,205,205,205,205,205,205,11,51,51],"floor_reached":57,"playtime":4082,"items_purged":["Strike_B","Defend_B","Normality","Normality"],"score":2914,"play_id":"eb2e7fd4-a2ab-43da-87ec-7b00d8ba1f56","local_time":"20240216224119","falling_options_log":["Bite","Defragment+1"],"score_breakdown":["Floors Climbed (57): 285","Enemies Slain (16): 32","Exordium Elites Killed (2): 20","City Elites Killed (2): 40","Beyond Elites Killed (1): 30","Bosses Slain (5): 750","I Like Shiny: 50","Raining Money (2161): 50","Collector (1): 25","Librarian: 25","Perfect (1): 50","Overkill: 25","C-c-c-combo: 25","Ascension (20): 1257","Heartbreaker: 250"],"is_ascension_mode":true,"potions_obtained_alchemize":[[],[],[],[],[],[],[],[],[],[],[],[],[],[],[],[],[],[],[],[],[],[],[],[],[],[],[],[],[],[],[],[],[],[],[],[],[],[],[],[],[],[],[],[],[],[],[],[],[],[],[],[],[],[],[],[],[]],"campfire_choices":[{"data":"Loop","floor":6,"key":"SMITH"},{"data":"Electrodynamics","floor":15,"key":"SMITH"},{"floor":23,"key":"REST"},{"data":"Defragment","floor":25,"key":"SMITH"},{"floor":27,"key":"REST"},{"floor":30,"key":"REST"},{"data":"Defragment","floor":32,"key":"SMITH"},{"data":"Seek","floor":40,"key":"SMITH"},{"floor":45,"key":"RECALL"},{"data":"Double Energy","floor":49,"key":"SMITH"},{"data":"Coolheaded","floor":53,"key":"SMITH"}],"lesson_learned_per_floor":[[],[],[],[],[],[],[],[],[],[],[],[],[],[],[],[],[],[],[],[],[],[],[],[],[],[],[],[],[],[],[],[],[],[],[],[],[],[],[],[],[],[],[],[],[],[],[],[],[],[],[],[],[],[],[],[],[]],"neow_cost":"TEN_PERCENT_HP_LOSS","improvable_cards":{"Genetic Algorithm":[49]},"seed_source_timestamp":25113800870070,"shop_contents":[{"floor":4,"relics":["Mango","Pear","Frozen Eye"],"cards":["Beam Cell","Leap","Steam Power","Static Discharge","Deep Breath","Magnetism"],"potions":["EssenceOfSteel","Fruit Juice","Ancient Potion"]},{"floor":20,"relics":["Question Card","HandDrill"],"cards":["Sweeping Beam","Compile Driver","Turbo","Undo","Hello World","Panacea","Thinking Ahead"],"potions":["Dexterity Potion","SpeedPotion","Ancient Potion"]},{"floor":36,"relics":["Ancient Tea Set","Turnip","Mercury Hourglass"],"cards":["Hyperbeam","Melter","Steam","Turbo","Storm","Blind","Metamorphosis"],"potions":["Swift Potion","FairyPotion","LiquidMemories"]},{"floor":42,"relics":["Akabeko","Boot","Bag of Marbles"],"cards":["Lockon","Compile Driver","White Noise","Conserve Battery","Storm","Dramatic Entrance","Thinking Ahead"],"potions":["Swift Potion","DuplicationPotion","Regen Potion"]},{"floor":46,"relics":["Omamori","Nunchaku","Bronze Scales"],"cards":["Lockon","Go for the Eyes","Redo","Conserve Battery","Electrodynamics","Good Instincts","Sadistic Nature"],"potions":["Weak Potion","SkillPotion","SkillPotion"]},{"floor":54,"relics":["Orichalcum","Ice Cream","Strawberry"],"cards":["Barrage","Sweeping Beam","Conserve Battery","Redo","Storm","Purity","Sadistic Nature"],"potions":["PotionOfCapacity","Dexterity Potion","Ancient Potion"]}],"circlet_count":0,"master_deck":["AscendersBane","Defend_B","Defend_B","Zap","Dualcast","Electrodynamics+1","Loop+1","Genetic Algorithm","Cold Snap","Doom and Gloom","Coolheaded","Conserve Battery","Coolheaded","Lockon","Buffer","Undo","Defragment+1","Defragment+1","Steam Power+1","Bite","Bite","Bite","Bite","Bite","Defragment+1","Compile Driver+1","Seek+1","Capacitor+1","Aggregate+1","BootSequence","Coolheaded+1","Redo+1","Go for the Eyes+1","Double Energy+1","Cold Snap","Echo Form","Compile Driver+1","Glacier","Dark Shackles","Skim"],"potion_use_per_floor":[[],[],[],[],[],[],[],[],[],["DistilledChaos","DuplicationPotion"],[],[],[],[],[],["BlessingOfTheForge"],[],[],[],[],[],["Energy Potion"],[],[],[],[],[],[],["ColorlessPotion"],[],[],[],[],[],[],[],[],[],[],[],[],[],[],[],[],[],[],[],[],[],[],[],[],[],[],["FocusPotion","LiquidMemories"],[]],"relics":["Cracked Core","HornCleat","MawBank","SlaversCollar","Lizard Tail","CeramicFish","Ornamental Fan","Bird Faced Urn","The Courier","Sundial","Nuclear Battery","Toolbox","Art of War","Membership Card","Centennial Puzzle","DataDisk","FossilizedHelix","Dead Branch","Medical Kit","Gambling Chip","War Paint","Bag of Preparation","Mummified Hand","Orrery","Kunai"],"potions_floor_usage":[10,10,16,22,29,56,56],"damage_taken":[{"damage":0,"enemies":"Cultist","floor":1,"turns":3},{"damage":3,"enemies":"Small Slimes","floor":2,"turns":3},{"damage":8,"enemies":"Jaw Worm","floor":3,"turns":4},{"damage":10,"enemies":"Gremlin Gang","floor":5,"turns":2},{"damage":10,"enemies":"3 Sentries","floor":7,"turns":2},{"damage":24,"enemies":"Gremlin Nob","floor":10,"turns":4},{"damage":3,"enemies":"Looter","floor":11,"turns":3},{"damage":3,"enemies":"Blue Slaver","floor":12,"turns":3},{"damage":0,"enemies":"2 Fungi Beasts","floor":14,"turns":3},{"damage":12,"enemies":"Hexaghost","floor":16,"turns":9},{"damage":13,"enemies":"2 Thieves","floor":18,"turns":4},{"damage":19,"enemies":"Shell Parasite","floor":19,"turns":5},{"damage":10,"enemies":"Snake Plant","floor":21,"turns":6},{"damage":0,"enemies":"3 Cultists","floor":22,"turns":4},{"damage":22,"enemies":"Gremlin Leader","floor":24,"turns":8},{"damage":29,"enemies":"Colosseum Slavers","floor":29,"turns":5},{"damage":7,"enemies":"Colosseum Nobs","floor":29,"turns":3},{"damage":57,"enemies":"Book of Stabbing","floor":31,"turns":6},{"damage":18,"enemies":"Champ","floor":33,"turns":18},{"damage":0,"enemies":"Orb Walker","floor":35,"turns":4},{"damage":11,"enemies":"3 Darklings","floor":38,"turns":6},{"damage":13,"enemies":"Giant Head","floor":41,"turns":13},{"damage":0,"enemies":"Transient","floor":44,"turns":6},{"damage":0,"enemies":"Jaw Worm Horde","floor":47,"turns":2},{"damage":0,"enemies":"3 Darklings","floor":48,"turns":43},{"damage":0,"enemies":"Donu and Deca","floor":50,"turns":13},{"damage":2,"enemies":"Awakened One","floor":51,"turns":34},{"damage":10,"enemies":"Shield and Spear","floor":55,"turns":9},{"damage":18,"enemies":"The Heart","floor":56,"turns":11}],"green_key_taken_log":10,"seed_played":"1648565596437521101","neow_bonus_log":{"cardsObtained":[],"cardsUpgraded":[],"cardsRemoved":[],"cardsTransformed":[],"relicsObtained":[],"maxHpGained":0,"goldGained":0,"damageTaken":0,"goldLost":0,"maxHpLost":7},"potions_obtained":[{"floor":2,"key":"DistilledChaos"},{"floor":7,"key":"DuplicationPotion"},{"floor":11,"key":"BlessingOfTheForge"},{"floor":16,"key":"Energy Potion"},{"floor":18,"key":"SteroidPotion"},{"floor":21,"key":"ColorlessPotion"},{"floor":24,"key":"LiquidMemories"},{"floor":31,"key":"FocusPotion"}],"is_trial":false,"path_per_floor":["M","M","M","$","M","R","E","?","T","E","M","M","?","M","R","B",null,"M","M","$","M","M","R","E","R","T","R","?","?","R","E","R","B",null,"M","$","?","M","?","R","E","$","T","M","R","$","M","M","R","B","B",null,"R","$","E","B",null],"character_chosen":"DEFECT","basemod:card_modifiers":[null,null,null,null,null,null,null,null,null,null,null,null,null,null,null,null,null,null,null,null,null,null,null,null,null,null,null,null,null,null,null,null,null,null,null,null,null,null,null,null],"items_purchased":["Doom and Gloom","Lizard Tail","Toolbox","Aggregate","BootSequence","Coolheaded","Redo","Membership Card","Centennial Puzzle","DataDisk","FossilizedHelix","Dead Branch","Medical Kit","Gambling Chip","War Paint","Bag of Preparation","Mummified Hand","Orrery","Glacier","Dark Shackles"],"campfire_rested":3,"item_purchase_floors":[4,20,36,36,36,36,36,42,42,42,42,42,46,46,46,46,54,54,54,54],"current_hp_per_floor":[64,61,53,53,43,43,33,33,33,11,10,9,9,11,11,1,48,37,20,20,12,14,33,13,13,13,32,32,6,25,18,18,60,63,64,64,64,61,61,61,64,64,64,64,64,64,64,64,64,64,64,64,64,64,64,64],"gold":51,"neow_bonus":"THREE_RARE_CARDS","is_prod":false,"is_daily":false,"rewards_skipped":[{"floor":38,"relics":[],"potions":["Energy Potion"]}],"chose_seed":false,"campfire_upgraded":7,"win_rate":0,"floor_exit_playtime":[73,93,125,140,187,194,218,222,225,301,327,370,373,408,415,523,539,586,628,638,686,737,744,845,857,859,870,876,998,1002,1102,1111,1275,1297,1347,1387,1411,1496,1500,1508,1679,1724,1727,1817,1822,1851,1906,2702,2715,2954,3439,3450,3461,3502,3784,4082],"timestamp":1708141279,"blue_key_relic_skipped_log":{"floor":43,"relicID":"Letter Opener"},"path_taken":["M","M","M","$","M","R","E","?","T","E","M","M","?","M","R","BOSS","M","M","$","M","M","R","E","R","T","R","?","?","R","E","R","BOSS","M","$","?","M","?","R","E","$","T","M","R","$","M","?","R","BOSS","BOSS","R","$","E","BOSS"],"build_version":"2022-12-18","purchased_purges":4,"victory":true,"max_hp_per_floor":[64,64,64,64,64,64,64,64,64,64,64,64,64,64,64,64,64,64,64,64,64,64,64,64,64,64,64,64,64,64,64,64,64,64,64,64,64,64,64,64,64,64,64,64,64,64,64,64,64,64,64,64,64,64,64,64],"relic_stats":{"counters":[29,235],"CeramicFish":216,"Dead Branch":[177],"The Courier":1657,"Bag of Preparation":[12],"War Paint":["Redo","Aggregate"],"MawBank":120,"Medical Kit":[54],"Lizard Tail":32,"Centennial Puzzle":[9],"Ornamental Fan":[292],"Sundial":[22],"Mummified Hand":[47],"Bird Faced Urn":[52],"Gambling Chip":[21],"Art of War":[17],"Membership Card":1657,"Kunai":[8],"obtain_stats":[{"CeramicFish":24,"Bag of Preparation":46,"Blood Vial":9,"Lizard Tail":20,"Centennial Puzzle":42,"HornCleat":7,"Sundial":31,"Mummified Hand":54,"Gambling Chip":46,"Toolbox":36,"Kunai":55,"Cracked Core":0,"Dead Branch":42,"The Courier":29,"War Paint":46,"MawBank":10,"Medical Kit":46,"Nuclear Battery":34,"SlaversCollar":17,"DataDisk":42,"Ornamental Fan":26,"Bird Faced Urn":29,"Orrery":54,"Art of War":41,"Membership Card":42,"FossilizedHelix":42},{"CeramicFish":15,"Bag of Preparation":23,"Blood Vial":5,"Lizard Tail":12,"Centennial Puzzle":22,"HornCleat":5,"Sundial":18,"Mummified Hand":27,"Gambling Chip":23,"Toolbox":20,"Kunai":28,"Cracked Core":0,"Dead Branch":22,"The Courier":17,"War Paint":23,"MawBank":6,"Medical Kit":23,"Nuclear Battery":19,"SlaversCollar":10,"DataDisk":22,"Ornamental Fan":15,"Bird Faced Urn":17,"Orrery":27,"Art of War":22,"Membership Card":22,"FossilizedHelix":22},{"CeramicFish":63,"Bag of Preparation":123,"Blood Vial":14,"Lizard Tail":45,"Centennial Puzzle":117,"HornCleat":14,"Sundial":76,"Mummified Hand":215,"Gambling Chip":123,"Toolbox":98,"Kunai":224,"Cracked Core":0,"Dead Branch":117,"The Courier":71,"War Paint":123,"MawBank":18,"Medical Kit":123,"Nuclear Battery":94,"SlaversCollar":36,"DataDisk":117,"Ornamental Fan":63,"Bird Faced Urn":71,"Orrery":215,"Art of War":117,"Membership Card":117,"FossilizedHelix":117}],"FossilizedHelix":[20]},"card_choices":[{"not_picked":["Reboot","Rainbow"],"picked":"Electrodynamics","floor":0},{"not_picked":["Barrage","Beam Cell"],"picked":"Loop","floor":1},{"not_picked":["Go for the Eyes","Redo"],"picked":"Genetic Algorithm","floor":2},{"not_picked":["Force Field","Double Energy"],"picked":"Cold Snap","floor":3},{"not_picked":["Cold Snap","Ball Lightning"],"picked":"Coolheaded","floor":5},{"not_picked":["Sweeping Beam","Lockon"],"picked":"Conserve Battery","floor":7},{"not_picked":["Go for the Eyes","Stack"],"picked":"Coolheaded","floor":10},{"not_picked":["Leap","Stack","Compile Driver"],"picked":"SKIP","floor":11},{"not_picked":["Darkness","White Noise"],"picked":"Lockon","floor":12},{"not_picked":["Meteor Strike","Hyperbeam"],"picked":"Buffer","floor":16},{"not_picked":["Rip and Tear","Hologram"],"picked":"Undo","floor":18},{"not_picked":["Doom and Gloom","Lockon"],"picked":"Defragment","floor":19},{"not_picked":["Darkness+1","Heatsinks"],"picked":"Defragment+1","floor":21},{"not_picked":["Chaos","Barrage","Storm"],"picked":"SKIP","floor":22},{"not_picked":["Melter","Gash"],"picked":"Steam Power+1","floor":24},{"not_picked":["Hologram","Blizzard"],"picked":"Defragment","floor":29},{"not_picked":["Steam Power","Lockon"],"picked":"Compile Driver+1","floor":31},{"not_picked":["Core Surge","Hyperbeam"],"picked":"Seek","floor":33},{"not_picked":["Steam","Rebound"],"picked":"Capacitor+1","floor":35},{"not_picked":["Steam Power","Aggregate"],"picked":"Go for the Eyes+1","floor":38},{"not_picked":["Sunder","Redo+1"],"picked":"Double Energy","floor":44},{"not_picked":["Beam Cell","Steam","Blizzard"],"picked":"SKIP","floor":47},{"not_picked":["Streamline+1","BootSequence"],"picked":"Cold Snap","floor":48},{"not_picked":["Turbo","Redo"],"picked":"Echo Form","floor":54},{"not_picked":["Sweeping Beam","Doom and Gloom"],"picked":"Compile Driver+1","floor":54},{"not_picked":["FTL","Hello World","Sunder"],"picked":"SKIP","floor":54},{"not_picked":["Stack","Rebound","Cold Snap+1"],"picked":"SKIP","floor":54},{"not_picked":["Leap+1","Blizzard","Beam Cell"],"picked":"SKIP","floor":54},{"not_picked":["Streamline","Creative AI"],"picked":"Skim","floor":55}],"player_experience":6134192,"relics_obtained":[{"floor":7,"key":"HornCleat"},{"floor":9,"key":"Blood Vial"},{"floor":10,"key":"MawBank"},{"floor":24,"key":"CeramicFish"},{"floor":26,"key":"Ornamental Fan"},{"floor":29,"key":"Bird Faced Urn"},{"floor":29,"key":"The Courier"},{"floor":31,"key":"Sundial"},{"floor":41,"key":"Art of War"},{"floor":55,"key":"Kunai"}],"event_choices":[{"damage_healed":0,"gold_gain":0,"player_choice":"Ignored","damage_taken":0,"max_hp_gain":0,"max_hp_loss":0,"event_name":"Liars Game","floor":8,"gold_loss":0},{"damage_healed":0,"gold_gain":0,"player_choice":"Fled","damage_taken":0,"max_hp_gain":0,"max_hp_loss":0,"event_name":"Scrap Ooze","floor":13,"gold_loss":0},{"damage_healed":0,"gold_gain":0,"player_choice":"Became a vampire (Vial)","damage_taken":0,"max_hp_gain":0,"max_hp_loss":0,"event_name":"Vampires","floor":28,"relics_lost":["Blood Vial"],"gold_loss":0,"cards_obtained":["Bite","Bite","Bite","Bite","Bite"]},{"damage_healed":0,"gold_gain":0,"player_choice":"Fight","damage_taken":0,"max_hp_gain":0,"max_hp_loss":0,"event_name":"Colosseum","floor":29,"gold_loss":0},{"damage_healed":0,"gold_gain":0,"player_choice":"Fought Nobs","damage_taken":0,"max_hp_gain":0,"max_hp_loss":0,"event_name":"Colosseum","floor":29,"gold_loss":0},{"damage_healed":0,"gold_gain":999,"player_choice":"Gold","damage_taken":0,"max_hp_gain":0,"max_hp_loss":0,"event_name":"MindBloom","floor":37,"gold_loss":0,"cards_obtained":["Normality","Normality"]},{"cards_removed":["Defend_B"],"damage_healed":0,"gold_gain":0,"player_choice":"Removed Skill","damage_taken":0,"max_hp_gain":0,"max_hp_loss":0,"event_name":"Falling","floor":39,"gold_loss":0}],"is_beta":false,"boss_relics":[{"not_picked":["Ectoplasm","Sozu"],"picked":"SlaversCollar"},{"not_picked":["Cursed Key","Tiny House"],"picked":"Nuclear Battery"}],"items_purged_floors":[4,36,42,46],"is_endless":false,"potions_floor_spawned":[2,7,11,16,18,21,24,31,38],"ascension_level":20,"potion_discard_per_floor":[[],[],[],[],[],[],[],[],[],[],[],[],[],[],[],[],[],[],[],[],["SteroidPotion"],[],[],[],[],[],[],[],[],[],[],[],[],[],[],[],[],[],[],[],[],[],[],[],[],[],[],[],[],[],[],[],[],[],[],[],[]]}