{"neow_bonuses_skipped_log":["ONE_RANDOM_RARE_CARD","TRANSFORM_TWO_CARDS","BOSS_RELIC"],"potions_obtained_entropic_brew":[[],[],[],[],[],[],[],[],[],[],[],[],[],[],[],[],[],[],[],[],[],[],[],[],[],[],[],[],[],[],[],[],[],[],[],[],[],[],[],[],[],[],[],[],[],[],[],[],[],[],[],[],[],[],[],[]],"neow_costs_skipped_log":["NONE","CURSE","NONE"],"gold_per_floor":[119,134,21,21,38,38,63,63,88,115,139,174,231,248,248,326,326,336,356,12,31,44,44,44,44,44,79,99,124,143,156,156,227,227,247,264,280,280,72,72,102,102,102,129,129,129,155,173,173,173,173,173,173,44,69,69],"floor_reached":56,"playtime":6026,"items_purged":["Zap"],"score":2440,"play_id":"c64ca24f-fd38-407d-9c0d-8832fde7b939","local_time":"20240225171101","falling_options_log":["Aggregate+1","Buffer+1"],"score_breakdown":["Floors Climbed (56): 280","Enemies Slain (15): 30","Exordium Elites Killed (3): 30","City Elites Killed (2): 40","Beyond Elites Killed (3): 90","Bosses Slain (4): 500","Champion (4): 100","Perfect (2): 100","Overkill: 25","C-c-c-combo: 25","Ascension (20): 1220"],"is_ascension_mode":true,"potions_obtained_alchemize":[[],[],[],[],[],[],[],[],[],[],[],[],[],[],[],[],[],[],[],[],[],[],[],[],[],[],[],[],[],[],[],[],[],[],[],[],[],[],[],[],[],[],[],[],[],[],[],[],[],[],[],[],[],[],[],[]],"campfire_choices":[{"data":"Streamline","floor":6,"key":"SMITH"},{"data":"Buffer","floor":8,"key":"SMITH"},{"data":"Darkness","floor":15,"key":"SMITH"},{"data":"Aggregate","floor":23,"key":"SMITH"},{"floor":25,"key":"REST"},{"data":"Redo","floor":32,"key":"SMITH"},{"floor":40,"key":"RECALL"},{"floor":42,"key":"REST"},{"floor":49,"key":"REST"},{"floor":53,"key":"REST"}],"lesson_learned_per_floor":[[],[],[],[],[],[],[],[],[],[],[],[],[],[],[],[],[],[],[],[],[],[],[],[],[],[],[],[],[],[],[],[],[],[],[],[],[],[],[],[],[],[],[],[],[],[],[],[],[],[],[],[],[],[],[],[]],"neow_cost":"NONE","improvable_cards":{"Genetic Algorithm":[23]},"seed_source_timestamp":4986091767711,"shop_contents":[{"floor":3,"relics":["Torii","InkBottle","DollysMirror"],"cards":["Compile Driver","Coolheaded","Chaos","Storm","Deep Breath","Master of Strategy"],"potions":["ColorlessPotion","CultistPotion"]},{"floor":20,"relics":["Juzu Bracelet"],"cards":["Blizzard","Cold Snap","Force Field","Skim","Hello World+1","Panacea","Panache+1"],"potions":["SteroidPotion","SteroidPotion","Regen Potion"]},{"floor":39,"relics":["Cables","Bronze Scales"],"cards":["Sweeping Beam","FTL","Tempest","White Noise","Impatience","Magnetism+1"],"potions":["SneckoOil","Dexterity Potion","Ancient Potion"]},{"floor":54,"relics":["Gambling Chip","Ice Cream","Sling"],"cards":["Streamline","Cold Snap","Force Field","Rainbow","Self Repair+1","Jack Of All Trades","HandOfGreed"],"potions":["Regen Potion","EssenceOfDarkness"]}],"circlet_count":0,"master_deck":["AscendersBane","Dualcast","Chill","Streamline+1","Cold Snap","Darkness+1","Buffer+1","Chill","Heatsinks+1","Skim","Doom and Gloom","Creative AI+1","Machine Learning+1","Leap","Blizzard","Fusion","BootSequence","Echo Form+1","Aggregate+1","Amplify","Hologram","Skim","Coolheaded","Cold Snap","Redo+1","Cold Snap","Core Surge","Glacier","Compile Driver","Loop+1","Genetic Algorithm","Redo+1","Compile Driver","Creative AI+1"],"potion_use_per_floor":[[],[],[],[],[],[],["PowerPotion"],[],[],[],[],[],[],[],[],[],[],[],["Fire Potion","Fire Potion"],[],[],[],[],[],[],[],[],[],["Energy Potion"],[],[],[],[],[],[],[],[],[],[],[],[],[],[],[],[],[],[],[],[],[],["DuplicationPotion"],[],[],[],["Energy Potion"],["DuplicationPotion","Weak Potion","Swift Potion"]],"relics":["Cracked Core","Potion Belt","Orichalcum","Symbiotic Virus","Centennial Puzzle","Frozen Egg 2","Odd Mushroom","Pantograph","Regal Pillow","Pandora\u0027s Box","PreservedInsect","Runic Capacitor","Thread and Needle","TungstenRod","Meat on the Bone","Fusion Hammer","ClockworkSouvenir","Question Card","Vajra","Blue Candle","Lantern"],"potions_floor_usage":[7,19,19,29,51,55,56,56,56],"damage_taken":[{"damage":1,"enemies":"Cultist","floor":1,"turns":3},{"damage":7,"enemies":"Jaw Worm","floor":2,"turns":4},{"damage":0,"enemies":"2 Louse","floor":5,"turns":3},{"damage":14,"enemies":"Gremlin Nob","floor":7,"turns":4},{"damage":0,"enemies":"Lagavulin","floor":10,"turns":6},{"damage":4,"enemies":"The Mushroom Lair","floor":11,"turns":3},{"damage":0,"enemies":"3 Sentries","floor":12,"turns":13},{"damage":0,"enemies":"Gremlin Nob","floor":13,"turns":4},{"damage":0,"enemies":"Large Slime","floor":14,"turns":4},{"damage":0,"enemies":"Slime Boss","floor":16,"turns":5},{"damage":0,"enemies":"Chosen","floor":18,"turns":6},{"damage":3,"enemies":"2 Thieves","floor":19,"turns":4},{"damage":1,"enemies":"Centurion and Healer","floor":21,"turns":8},{"damage":0,"enemies":"Snecko","floor":22,"turns":5},{"damage":11,"enemies":"Gremlin Leader","floor":27,"turns":4},{"damage":8,"enemies":"Snake Plant","floor":28,"turns":4},{"damage":13,"enemies":"Slavers","floor":29,"turns":7},{"damage":0,"enemies":"Centurion and Healer","floor":30,"turns":6},{"damage":0,"enemies":"Snecko","floor":31,"turns":5},{"damage":0,"enemies":"Champ","floor":33,"turns":13},{"damage":0,"enemies":"Orb Walker","floor":35,"turns":4},{"damage":1,"enemies":"3 Darklings","floor":36,"turns":4},{"damage":0,"enemies":"Jaw Worm Horde","floor":37,"turns":5},{"damage":0,"enemies":"Giant Head","floor":41,"turns":6},{"damage":28,"enemies":"Nemesis","floor":44,"turns":11},{"damage":0,"enemies":"Giant Head","floor":47,"turns":6},{"damage":18,"enemies":"Transient","floor":48,"turns":6},{"damage":28,"enemies":"Time Eater","floor":50,"turns":25},{"damage":42,"enemies":"Awakened One","floor":51,"turns":17},{"damage":60,"enemies":"Shield and Spear","floor":55,"turns":6},{"damage":50,"enemies":"The Heart","floor":56,"turns":9}],"green_key_taken_log":7,"seed_played":"4281352096024607901","neow_bonus_log":{"cardsObtained":[],"cardsUpgraded":[],"cardsRemoved":[],"cardsTransformed":[],"relicsObtained":["Potion Belt"],"maxHpGained":0,"goldGained":0,"damageTaken":0,"goldLost":0,"maxHpLost":0},"potions_obtained":[{"floor":1,"key":"PowerPotion"},{"floor":2,"key":"BlessingOfTheForge"},{"floor":5,"key":"Weak Potion"},{"floor":12,"key":"Fire Potion"},{"floor":16,"key":"Fire Potion"},{"floor":19,"key":"DuplicationPotion"},{"floor":21,"key":"DuplicationPotion"},{"floor":27,"key":"Energy Potion"},{"floor":30,"key":"Block Potion"},{"floor":31,"key":"Energy Potion"},{"floor":33,"key":"Swift Potion"}],"is_trial":false,"path_per_floor":["M","M","$","?","M","R","E","R","T","E","?","E","?","M","R","B",null,"M","M","$","M","M","R","?","R","T","E","M","E","M","M","R","B",null,"M","M","M","?","$","R","E","R","T","E","?","?","E","M","R","B","B",null,"R","$","E","B"],"character_chosen":"DEFECT","basemod:card_modifiers":[null,null,null,null,null,null,null,null,null,null,null,null,null,null,null,null,null,null,null,null,null,null,null,null,null,null,null,null,null,null,null,null,null,null],"items_purchased":["Cold Snap","PowerPotion","PreservedInsect","Runic Capacitor","Loop+1","ClockworkSouvenir","Weak Potion"],"campfire_rested":4,"item_purchase_floors":[3,3,20,20,39,39,54],"current_hp_per_floor":[63,56,56,56,56,56,42,42,42,42,38,38,38,38,38,63,69,69,66,66,65,65,65,45,76,76,65,57,44,44,44,44,69,74,74,73,73,73,73,73,73,76,76,48,48,48,48,42,72,44,39,64,72,72,24,0],"gold":69,"neow_bonus":"RANDOM_COMMON_RELIC","is_prod":false,"is_daily":false,"rewards_skipped":[{"floor":37,"relics":[],"potions":["DuplicationPotion"]},{"floor":44,"relics":[],"potions":["SpeedPotion"]},{"floor":48,"relics":[],"potions":["DistilledChaos"]}],"chose_seed":false,"campfire_upgraded":5,"win_rate":0,"floor_exit_playtime":[43,70,98,105,164,172,215,221,225,273,325,437,494,564,570,647,685,768,929,952,1133,1211,1218,1246,1258,1262,1351,1417,1537,1657,1768,1785,2095,2119,2174,2252,2420,2427,2438,2443,2619,2623,2627,2819,2829,2832,2987,3152,3155,3557,4107,4119,4123,4358,5147],"timestamp":1708899061,"blue_key_relic_skipped_log":{"floor":43,"relicID":"Toxic Egg 2"},"path_taken":["M","M","$","?","M","R","E","R","T","E","?","E","?","M","R","BOSS","M","?","$","M","M","R","?","R","T","E","M","E","M","M","R","BOSS","M","M","M","?","$","R","E","R","T","E","?","?","E","M","R","BOSS","BOSS","R","$","E","BOSS"],"build_version":"2022-12-18","purchased_purges":1,"victory":false,"max_hp_per_floor":[71,71,71,71,71,71,71,71,71,71,71,71,71,71,71,71,71,71,71,71,71,71,71,76,76,76,76,76,76,76,76,76,76,76,76,76,76,76,76,76,76,76,76,76,72,72,72,72,72,72,72,72,72,72,72,72],"relic_stats":{"Centennial Puzzle":[39],"Regal Pillow":18,"counters":[31,210],"Pantograph":100,"Blue Candle":[1],"Pandora\u0027s Box":["Machine Learning","Leap","Blizzard","Fusion","BootSequence","Echo Form","Aggregate","Amplify"],"PreservedInsect":477,"Orichalcum":[480],"Question Card":4,"obtain_stats":[{"Potion Belt":0,"Regal Pillow":13,"Lantern":55,"Blue Candle":47,"Vajra":44,"Thread and Needle":26,"PreservedInsect":20,"Runic Capacitor":20,"Orichalcum":4,"Frozen Egg 2":10,"Odd Mushroom":11,"Question Card":41,"ClockworkSouvenir":39,"Centennial Puzzle":9,"Pantograph":12,"Pandora\u0027s Box":17,"Fusion Hammer":34,"Cracked Core":0,"Symbiotic Virus":7,"TungstenRod":27,"Meat on the Bone":29},{"Potion Belt":0,"Regal Pillow":8,"Lantern":30,"Blue Candle":26,"Vajra":25,"Thread and Needle":14,"PreservedInsect":12,"Runic Capacitor":12,"Orichalcum":2,"Frozen Egg 2":5,"Odd Mushroom":6,"Question Card":24,"ClockworkSouvenir":23,"Centennial Puzzle":4,"Pantograph":7,"Pandora\u0027s Box":10,"Fusion Hammer":20,"Cracked Core":0,"Symbiotic Virus":4,"TungstenRod":15,"Meat on the Bone":17},{"Potion Belt":0,"Regal Pillow":40,"Lantern":201,"Blue Candle":147,"Vajra":141,"Thread and Needle":72,"PreservedInsect":59,"Runic Capacitor":59,"Orichalcum":7,"Frozen Egg 2":20,"Odd Mushroom":23,"Question Card":130,"ClockworkSouvenir":124,"Centennial Puzzle":14,"Pantograph":36,"Pandora\u0027s Box":49,"Fusion Hammer":111,"Cracked Core":0,"Symbiotic Virus":14,"TungstenRod":76,"Meat on the Bone":87}],"TungstenRod":56,"Meat on the Bone":36},"card_choices":[{"not_picked":["Stack","Barrage"],"picked":"Chill","floor":1},{"not_picked":["Hologram","Force Field"],"picked":"Streamline","floor":2},{"not_picked":["Hello World","Compile Driver"],"picked":"Darkness","floor":5},{"not_picked":["Loop","Melter"],"picked":"Buffer","floor":7},{"not_picked":["Tempest","Lockon"],"picked":"Chill","floor":10},{"not_picked":["Rebound","Barrage"],"picked":"Heatsinks+1","floor":11},{"not_picked":["Tempest","Stack"],"picked":"Skim","floor":12},{"not_picked":["Reprogram","Gash"],"picked":"Doom and Gloom","floor":13},{"not_picked":["Conserve Battery","Hologram"],"picked":"Lockon","floor":14},{"not_picked":["Rainbow","Amplify"],"picked":"Creative AI+1","floor":16},{"not_picked":["Ball Lightning","Go for the Eyes"],"picked":"Hologram","floor":18},{"not_picked":["Gash","Barrage","Go for the Eyes"],"picked":"SKIP","floor":19},{"not_picked":["Ball Lightning","Hologram"],"picked":"Skim","floor":21},{"not_picked":["Sweeping Beam","Steam","Streamline"],"picked":"SKIP","floor":22},{"not_picked":["Sweeping Beam","Steam","Streamline"],"picked":"SKIP","floor":22},{"not_picked":["Conserve Battery","Compile Driver"],"picked":"Coolheaded","floor":27},{"not_picked":["Melter","Rebound+1"],"picked":"Cold Snap","floor":28},{"not_picked":["Rebound","Amplify"],"picked":"Redo","floor":29},{"not_picked":["Barrage","Beam Cell","Recycle"],"picked":"SKIP","floor":30},{"not_picked":["Stack","Leap"],"picked":"Cold Snap","floor":31},{"not_picked":["Buffer+1","All For One"],"picked":"Core Surge","floor":33},{"not_picked":["Redo","Cold Snap","Streamline"],"picked":"SKIP","floor":35},{"not_picked":["Rebound","Static Discharge+1"],"picked":"Glacier","floor":36},{"not_picked":["Reprogram","Recycle+1"],"picked":"Compile Driver","floor":37},{"not_picked":["Tempest","Conserve Battery"],"picked":"Genetic Algorithm","floor":41},{"not_picked":["Force Field+1","Darkness","Steam Power"],"picked":"Redo+1","floor":44},{"not_picked":["Steam Power","Fission","Reinforced Body"],"picked":"Compile Driver","floor":47},{"not_picked":["Lockon","Darkness","Steam"],"picked":"Creative AI+1","floor":55}],"player_experience":6307273,"relics_obtained":[{"floor":7,"key":"Symbiotic Virus"},{"floor":9,"key":"Centennial Puzzle"},{"floor":10,"key":"Frozen Egg 2"},{"floor":11,"key":"Odd Mushroom"},{"floor":12,"key":"Pantograph"},{"floor":13,"key":"Regal Pillow"},{"floor":26,"key":"Thread and Needle"},{"floor":27,"key":"TungstenRod"},{"floor":29,"key":"Meat on the Bone"},{"floor":41,"key":"Question Card"},{"floor":44,"key":"Vajra"},{"floor":47,"key":"Blue Candle"},{"floor":55,"key":"Lantern"}],"event_choices":[{"damage_healed":0,"gold_gain":0,"player_choice":"Gave Potion","damage_taken":0,"relics_obtained":["Orichalcum"],"max_hp_gain":0,"max_hp_loss":0,"event_name":"WeMeetAgain","floor":4,"gold_loss":0},{"damage_healed":0,"gold_gain":0,"player_choice":"Fought Mushrooms","damage_taken":0,"max_hp_gain":0,"max_hp_loss":0,"event_name":"Mushrooms","floor":11,"gold_loss":0},{"damage_healed":0,"gold_gain":0,"player_choice":"Searched \u00272\u0027 times","damage_taken":0,"max_hp_gain":0,"max_hp_loss":0,"event_name":"Dead Adventurer","floor":13,"gold_loss":0},{"damage_healed":0,"gold_gain":0,"player_choice":"Shed Blood","damage_taken":25,"max_hp_gain":5,"max_hp_loss":0,"event_name":"Forgotten Altar","floor":24,"gold_loss":0},{"cards_removed":["Lockon"],"damage_healed":0,"gold_gain":0,"player_choice":"Removed Attack","damage_taken":0,"max_hp_gain":0,"max_hp_loss":0,"event_name":"Falling","floor":38,"gold_loss":0},{"damage_healed":0,"gold_gain":0,"player_choice":"Max HP","damage_taken":0,"max_hp_gain":0,"max_hp_loss":4,"event_name":"Winding Halls","floor":45,"gold_loss":0},{"damage_healed":0,"gold_gain":0,"player_choice":"Ignored","damage_taken":0,"max_hp_gain":0,"max_hp_loss":0,"event_name":"Tomb of Lord Red Mask","floor":46,"gold_loss":0}],"is_beta":false,"boss_relics":[{"not_picked":["FrozenCore","Snecko Eye"],"picked":"Pandora\u0027s Box"},{"not_picked":["Sozu","Black Star"],"picked":"Fusion Hammer"}],"items_purged_floors":[54],"is_endless":false,"potions_floor_spawned":[1,2,5,12,16,19,21,27,30,31,33,37,44,48],"killed_by":"The Heart","ascension_level":20,"potion_discard_per_floor":[[],[],[],[],[],[],[],[],[],[],[],[],[],[],[],[],[],[],[],[],[],[],[],[],[],[],["BlessingOfTheForge"],[],[],[],["Block Potion"],[],["Weak Potion"],[],[],[],[],[],[],[],[],[],[],[],[],[],[],[],[],[],[],[],[],[],[],[]]}