{"neow_bonuses_skipped_log":["TRANSFORM_CARD","HUNDRED_GOLD","BOSS_RELIC"],"neow_costs_skipped_log":["NONE","NONE","NONE"],"potions_obtained_entropic_brew":[[],[],[],[],[],[],[],[],[],[],[],[],[],[],[],[],[],[],[],[],[],[],[],[],[],[],[],[],[]],"gold_per_floor":[114,164,37,50,67,101,101,101,101,101,26,26,41,57,57,131,131,146,161,50,64,78,78,107,107,159,159,159,159],"floor_reached":29,"playtime":2566,"items_purged":["Defend_B"],"score":486,"play_id":"e8d91948-6487-47aa-87c0-9a1468a82f99","local_time":"20230325181354","score_breakdown":["Floors Climbed (29): 145","Enemies Slain (9): 18","Exordium Elites Killed (1): 10","City Elites Killed (1): 20","Bosses Slain (1): 50","Ascension (20): 243"],"is_ascension_mode":true,"potions_obtained_alchemize":[[],[],[],[],[],[],[],[],[],[],[],[],[],[],[],[],[],[],[],[],[],[],[],[],[],[],[],[],[]],"campfire_choices":[{"data":"Darkness","floor":7,"key":"SMITH"},{"data":"Go for the Eyes","floor":10,"key":"SMITH"},{"data":"Dualcast","floor":12,"key":"SMITH"},{"data":"Streamline","floor":15,"key":"SMITH"},{"floor":23,"key":"REST"},{"data":"Redo","floor":25,"key":"SMITH"},{"floor":27,"key":"REST"}],"lesson_learned_per_floor":[[],[],[],[],[],[],[],[],[],[],[],[],[],[],[],[],[],[],[],[],[],[],[],[],[],[],[],[],[]],"neow_cost":"TEN_PERCENT_HP_LOSS","improvable_cards":{"Genetic Algorithm+1":[1]},"seed_source_timestamp":21778304645972,"shop_contents":[{"floor":3,"relics":["War Paint","Akabeko","Toolbox"],"cards":["Compile Driver","Redo","Force Field","Loop","Panacea","Mayhem"],"potions":["CultistPotion","EssenceOfSteel","SkillPotion"]},{"floor":20,"relics":["Turnip","Pocketwatch","Runic Capacitor"],"cards":["Lockon","Auto Shields","Loop","Mind Blast","The Bomb"],"potions":["CultistPotion","PotionOfCapacity","Block Potion"]}],"circlet_count":0,"master_deck":["AscendersBane","Defend_B","Defend_B","Dualcast+1","Skim","Rebound","Rip and Tear","Go for the Eyes+1","Darkness+1","Streamline+1","Redo+1","All For One","Recycle+1","Thunder Strike+1","Cold Snap+1","Hologram","Coolheaded","FTL","Doom and Gloom","Beam Cell+1","Genetic Algorithm+1","Decay"],"potion_use_per_floor":[[],[],[],[],[],["EssenceOfDarkness"],[],[],[],[],[],[],[],[],[],["Strength Potion"],[],[],[],[],[],["Fruit Juice"],[],["Strength Potion","Energy Potion"],[],[],[],[],["Fruit Juice"]],"relics":["Cracked Core","Torii","Astrolabe","Bronze Scales","Nunchaku"],"potions_floor_usage":[6,16,22,24,24,29],"damage_taken":[{"damage":0,"enemies":"2 Louse","floor":1,"turns":4},{"damage":0,"enemies":"Cultist","floor":4,"turns":4},{"damage":0,"enemies":"Small Slimes","floor":5,"turns":2},{"damage":20,"enemies":"3 Sentries","floor":6,"turns":4},{"damage":2,"enemies":"Blue Slaver","floor":13,"turns":3},{"damage":11,"enemies":"Looter","floor":14,"turns":3},{"damage":8,"enemies":"The Guardian","floor":16,"turns":8},{"damage":22,"enemies":"3 Byrds","floor":18,"turns":3},{"damage":1,"enemies":"Chosen","floor":19,"turns":4},{"damage":13,"enemies":"Centurion and Healer","floor":21,"turns":5},{"damage":0,"enemies":"Snake Plant","floor":22,"turns":2},{"damage":35,"enemies":"Slavers","floor":24,"turns":3},{"damage":55,"enemies":"Snecko","floor":29,"turns":5}],"seed_played":"-6480211021590104115","neow_bonus_log":{"cardsObtained":[],"cardsUpgraded":[],"cardsRemoved":["Strike_B","Strike_B"],"cardsTransformed":[],"relicsObtained":[],"maxHpGained":0,"goldGained":0,"damageTaken":0,"goldLost":0,"maxHpLost":7},"potions_obtained":[{"floor":1,"key":"SpeedPotion"},{"floor":5,"key":"EssenceOfDarkness"},{"floor":14,"key":"Strength Potion"},{"floor":16,"key":"EssenceOfSteel"},{"floor":18,"key":"Strength Potion"},{"floor":21,"key":"Fruit Juice"},{"floor":22,"key":"Energy Potion"},{"floor":24,"key":"Fruit Juice"}],"is_trial":false,"path_per_floor":["M","?","$","M","M","E","R","?","T","R","?","R","M","M","R","B",null,"M","M","$","M","M","R","E","R","T","R","?","M"],"character_chosen":"DEFECT","basemod:card_modifiers":[null,null,null,null,null,null,null,null,null,null,null,null,null,null,null,null,null,null,null,null,null,null],"items_purchased":["Rebound","Coolheaded","FTL"],"campfire_rested":2,"item_purchase_floors":[3,20,20],"current_hp_per_floor":[64,58,58,58,58,38,38,38,38,38,38,38,36,25,25,17,52,30,29,29,16,21,41,6,6,6,26,26,0],"gold":159,"neow_bonus":"REMOVE_TWO","is_prod":false,"is_daily":false,"rewards_skipped":[],"chose_seed":false,"campfire_upgraded":5,"win_rate":0,"floor_exit_playtime":[419,427,617,743,788,861,876,893,936,946,955,992,1122,1150,1159,1337,1486,1617,1721,1821,1983,2058,2062,2268,2277,2283,2288,2297],"timestamp":1679782434,"blue_key_relic_skipped_log":{"floor":9,"relicID":"Darkstone Periapt"},"path_taken":["M","?","?","M","M","E","R","?","T","R","?","R","M","M","R","BOSS","M","M","$","M","M","R","E","R","T","R","?","M"],"build_version":"2022-12-18","purchased_purges":1,"victory":false,"max_hp_per_floor":[64,64,64,64,64,64,64,64,64,64,64,64,64,64,64,64,64,64,64,64,64,69,69,69,69,69,69,69,74],"relic_stats":{"Nunchaku":[0],"Torii":21,"counters":[13,50],"Astrolabe":["Recycle","Thunder Strike","Cold Snap"],"Bronze Scales":[9],"obtain_stats":[{"Nunchaku":26,"Torii":6,"Astrolabe":17,"Bronze Scales":24,"Cracked Core":0},{"Nunchaku":12,"Torii":4,"Astrolabe":7,"Bronze Scales":12,"Cracked Core":0},{"Nunchaku":45,"Torii":14,"Astrolabe":28,"Bronze Scales":45,"Cracked Core":0}]},"card_choices":[{"not_picked":["Consume","Coolheaded"],"picked":"Skim","floor":1},{"not_picked":["Leap","Reprogram"],"picked":"Rip and Tear","floor":4},{"not_picked":["Blizzard","White Noise"],"picked":"Go for the Eyes","floor":5},{"not_picked":["Consume","Conserve Battery"],"picked":"Darkness","floor":6},{"not_picked":["Go for the Eyes","Sweeping Beam"],"picked":"Streamline","floor":13},{"not_picked":["Consume","Force Field"],"picked":"Redo","floor":14},{"not_picked":["Buffer","Rainbow"],"picked":"All For One","floor":16},{"not_picked":["Coolheaded","Barrage"],"picked":"Hologram","floor":18},{"not_picked":["Sweeping Beam","Barrage","Tempest"],"picked":"SKIP","floor":19},{"not_picked":["Go for the Eyes","Recycle+1"],"picked":"Doom and Gloom","floor":21},{"not_picked":["Stack","Reprogram"],"picked":"Beam Cell+1","floor":22},{"not_picked":["Stack+1","Consume"],"picked":"Genetic Algorithm+1","floor":24}],"player_experience":5451496,"relics_obtained":[{"floor":6,"key":"Torii"},{"floor":24,"key":"Bronze Scales"},{"floor":26,"key":"Nunchaku"}],"event_choices":[{"damage_healed":0,"gold_gain":50,"player_choice":"Touch","damage_taken":6,"max_hp_gain":0,"max_hp_loss":0,"event_name":"FaceTrader","floor":2,"gold_loss":0},{"damage_healed":0,"gold_gain":0,"player_choice":"Ignored","damage_taken":0,"max_hp_gain":0,"max_hp_loss":0,"event_name":"Liars Game","floor":8,"gold_loss":0},{"cards_removed":["Strike_B"],"damage_healed":0,"gold_gain":0,"player_choice":"Card Removal","damage_taken":0,"max_hp_gain":0,"max_hp_loss":0,"event_name":"The Cleric","floor":11,"gold_loss":75},{"damage_healed":0,"gold_gain":0,"player_choice":"Smashed Altar","damage_taken":0,"max_hp_gain":0,"max_hp_loss":0,"event_name":"Forgotten Altar","floor":28,"gold_loss":0,"cards_obtained":["Decay"]}],"is_beta":false,"boss_relics":[{"not_picked":["Ectoplasm","Coffee Dripper"],"picked":"Astrolabe"}],"items_purged_floors":[3],"is_endless":false,"potions_floor_spawned":[1,5,14,16,18,21,22,24],"killed_by":"Snecko","ascension_level":20,"potion_discard_per_floor":[[],[],[],[],[],[],[],[],[],[],[],[],[],[],[],[],[],["EssenceOfSteel"],[],[],["SpeedPotion"],[],[],[],[],[],[],[],[]]}