{"neow_bonuses_skipped_log":["UPGRADE_CARD","RANDOM_COMMON_RELIC","BOSS_RELIC"],"potions_obtained_entropic_brew":[[],[],[],[],[],[],[],[],[],[],[],[],[],[],[],[],[],[],[],[],[],[],[],["BlessingOfTheForge","LiquidBronze"],[],[],[],[],[],[],[],[],[]],"neow_costs_skipped_log":["NONE","NONE","NONE"],"gold_per_floor":[109,129,140,140,154,154,186,198,198,223,223,298,316,347,347,418,418,429,429,16,28,46,46,81,81,81,111,137,137,154,172,172,172],"floor_reached":33,"playtime":5518,"items_purged":["Defend_B"],"score":619,"play_id":"4dcfb48a-4529-4115-9bc1-b1b6be67fab4","local_time":"20230402144222","score_breakdown":["Floors Climbed (33): 165","Enemies Slain (11): 22","Exordium Elites Killed (2): 20","City Elites Killed (2): 40","Bosses Slain (1): 50","Collector (1): 25","Ascension (20): 297"],"is_ascension_mode":true,"potions_obtained_alchemize":[[],[],[],[],[],[],[],[],[],[],[],[],[],[],[],[],[],[],[],[],[],[],[],[],[],[],[],[],[],[],[],[],[]],"campfire_choices":[{"data":"Doom and Gloom","floor":6,"key":"SMITH"},{"data":"Defragment","floor":11,"key":"SMITH"},{"data":"Go for the Eyes","floor":15,"key":"SMITH"},{"data":"Seek","floor":23,"key":"SMITH"},{"data":"Self Repair","floor":25,"key":"SMITH"},{"data":"Reinforced Body","floor":32,"key":"SMITH"}],"lesson_learned_per_floor":[[],[],[],[],[],[],[],[],[],[],[],[],[],[],[],[],[],[],[],[],[],[],[],[],[],[],[],[],[],[],[],[],[]],"neow_cost":"TEN_PERCENT_HP_LOSS","improvable_cards":{},"seed_source_timestamp":2297298261402,"shop_contents":[{"floor":20,"relics":["Toy Ornithopter","OrangePellets"],"cards":["Melter","Sweeping Beam","Leap+1","Heatsinks","Impatience+1","Thinking Ahead+1"],"potions":["Swift Potion","FocusPotion","SkillPotion"]}],"circlet_count":0,"master_deck":["AscendersBane","Defend_B","Defend_B","Defend_B","Zap","Dualcast","Go for the Eyes+1","Steam","Self Repair+1","Doom and Gloom+1","Cold Snap","Defragment+1","Undo","Reinforced Body+1","Seek+1","Lockon","Redo+1","Turbo+1","Fission+1","Fusion+1","Meteor Strike","Compile Driver","Bite","Bite","Bite","Bite","Bite","Cold Snap","Reboot+1"],"potion_use_per_floor":[[],[],[],[],[],[],["Fire Potion"],[],[],[],[],[],[],["FearPotion"],[],[],[],["ColorlessPotion"],[],[],[],[],[],["FocusPotion","EntropicBrew"],[],[],["Dexterity Potion","BlessingOfTheForge"],["Block Potion"],[],["LiquidBronze"],[],[],["SkillPotion"]],"relics":["Cracked Core","WingedGreaves","Juzu Bracelet","Question Card","Strawberry","Kunai","Coffee Dripper","Toxic Egg 2","Nunchaku","Ornamental Fan","Art of War","Red Mask"],"potions_floor_usage":[7,14,18,24,24,27,27,28,30,33],"damage_taken":[{"damage":4,"enemies":"2 Louse","floor":1,"turns":2},{"damage":7,"enemies":"Jaw Worm","floor":2,"turns":3},{"damage":0,"enemies":"Cultist","floor":3,"turns":3},{"damage":16,"enemies":"Exordium Thugs","floor":5,"turns":5},{"damage":15,"enemies":"3 Sentries","floor":7,"turns":5},{"damage":19,"enemies":"Exordium Wildlife","floor":8,"turns":7},{"damage":1,"enemies":"3 Louse","floor":13,"turns":4},{"damage":9,"enemies":"Gremlin Nob","floor":14,"turns":3},{"damage":13,"enemies":"Hexaghost","floor":16,"turns":9},{"damage":0,"enemies":"3 Byrds","floor":18,"turns":4},{"damage":16,"enemies":"Chosen","floor":21,"turns":7},{"damage":11,"enemies":"Shelled Parasite and Fungi","floor":22,"turns":7},{"damage":21,"enemies":"Slavers","floor":24,"turns":6},{"damage":30,"enemies":"Gremlin Leader","floor":27,"turns":9},{"damage":6,"enemies":"Masked Bandits","floor":28,"turns":4},{"damage":33,"enemies":"Chosen and Byrds","floor":30,"turns":7},{"damage":0,"enemies":"3 Cultists","floor":31,"turns":4},{"damage":78,"enemies":"Automaton","floor":33,"turns":12}],"seed_played":"-2466230899809685631","neow_bonus_log":{"cardsObtained":[],"cardsUpgraded":[],"cardsRemoved":[],"cardsTransformed":[],"relicsObtained":["WingedGreaves"],"maxHpGained":0,"goldGained":0,"damageTaken":0,"goldLost":0,"maxHpLost":7},"potions_obtained":[{"floor":2,"key":"Fire Potion"},{"floor":3,"key":"FearPotion"},{"floor":13,"key":"ColorlessPotion"},{"floor":16,"key":"FocusPotion"},{"floor":22,"key":"EntropicBrew"},{"floor":24,"key":"Dexterity Potion"},{"floor":27,"key":"Block Potion"},{"floor":28,"key":"LiquidBronze"},{"floor":31,"key":"SkillPotion"}],"is_trial":false,"path_per_floor":["M","M","M","?","M","R","E","M","T","T","R","?","M","E","R","B",null,"M","?","$","M","M","R","E","R","T","E","?","?","M","M","R","B"],"character_chosen":"DEFECT","basemod:card_modifiers":[null,null,null,null,null,null,null,null,null,null,null,null,null,null,null,null,null,null,null,null,null,null,null,null,null,null,null,null,null],"items_purchased":["Toxic Egg 2","Redo+1"],"campfire_rested":0,"item_purchase_floors":[20,20],"current_hp_per_floor":[60,53,53,58,49,49,41,29,29,36,36,25,31,29,29,23,63,70,70,70,61,57,57,43,43,43,23,27,27,16,36,36,0],"gold":172,"neow_bonus":"ONE_RARE_RELIC","is_prod":false,"is_daily":false,"rewards_skipped":[{"floor":5,"relics":[],"potions":["Strength Potion"]}],"chose_seed":false,"campfire_upgraded":6,"win_rate":0,"floor_exit_playtime":[268,318,398,438,562,569,689,783,831,835,841,864,1017,1137,1144,1468,1533,1800,1884,2169,2301,2465,2471,2697,2703,2711,3920,4059,4137,4760,4966,5010],"timestamp":1680460942,"path_taken":["M","M","M","?","M","R","E","M","T","?","R","?","M","E","R","BOSS","M","?","$","M","M","R","E","R","T","E","?","?","M","M","R","BOSS"],"build_version":"2022-12-18","purchased_purges":1,"victory":false,"max_hp_per_floor":[64,64,64,69,69,69,69,69,69,76,76,76,76,76,76,76,76,76,76,76,76,76,76,76,76,76,76,76,53,53,53,53,53],"relic_stats":{"Nunchaku":[7],"counters":[18,101],"Ornamental Fan":[52],"WingedGreaves":0,"Juzu Bracelet":1,"Art of War":[5],"Kunai":[15],"Question Card":11,"obtain_stats":[{"Nunchaku":24,"Ornamental Fan":26,"Strawberry":10,"WingedGreaves":0,"Juzu Bracelet":7,"Coffee Dripper":17,"Art of War":27,"Red Mask":28,"Kunai":14,"Toxic Egg 2":20,"Cracked Core":0,"Question Card":9},{"Nunchaku":13,"Ornamental Fan":13,"Strawberry":6,"WingedGreaves":0,"Juzu Bracelet":5,"Coffee Dripper":9,"Art of War":14,"Red Mask":15,"Kunai":8,"Toxic Egg 2":10,"Cracked Core":0,"Question Card":6},{"Nunchaku":65,"Ornamental Fan":65,"Strawberry":25,"WingedGreaves":0,"Juzu Bracelet":18,"Coffee Dripper":41,"Art of War":74,"Red Mask":78,"Kunai":32,"Toxic Egg 2":45,"Cracked Core":0,"Question Card":25}]},"card_choices":[{"not_picked":["Redo","Gash"],"picked":"Go for the Eyes","floor":1},{"not_picked":["Fusion","Turbo"],"picked":"Steam","floor":2},{"not_picked":["White Noise","Coolheaded"],"picked":"Self Repair","floor":3},{"not_picked":["Barrage","Cold Snap"],"picked":"Doom and Gloom","floor":5},{"not_picked":["Steam","Force Field"],"picked":"Cold Snap","floor":7},{"not_picked":["Leap","Tempest"],"picked":"Defragment","floor":8},{"not_picked":["Rebound","Reinforced Body","Genetic Algorithm"],"picked":"Undo","floor":13},{"not_picked":["Ball Lightning","Creative AI","Reprogram"],"picked":"Reinforced Body","floor":14},{"not_picked":["Core Surge","Amplify","Hyperbeam"],"picked":"Seek","floor":16},{"not_picked":["Rebound","Stack","Sweeping Beam"],"picked":"Lockon","floor":18},{"not_picked":["Stack+1","Cold Snap","Compile Driver"],"picked":"Turbo+1","floor":21},{"not_picked":["Recycle+1","Redo+1","Rebound"],"picked":"Fission+1","floor":22},{"not_picked":["Capacitor","Streamline","Turbo+1"],"picked":"Fusion+1","floor":24},{"not_picked":["Stack+1","Auto Shields+1","Fission+1"],"picked":"Meteor Strike","floor":27},{"not_picked":["FTL+1","Storm","Redo+1"],"picked":"Compile Driver","floor":28},{"not_picked":["Conserve Battery+1","White Noise+1","Steam+1"],"picked":"Cold Snap","floor":30},{"not_picked":["Barrage","Static Discharge","Reprogram+1"],"picked":"Reboot+1","floor":31}],"player_experience":5494638,"relics_obtained":[{"floor":7,"key":"Juzu Bracelet"},{"floor":9,"key":"Question Card"},{"floor":10,"key":"Strawberry"},{"floor":14,"key":"Kunai"},{"floor":24,"key":"Nunchaku"},{"floor":26,"key":"Ornamental Fan"},{"floor":27,"key":"Art of War"},{"floor":28,"key":"Red Mask"}],"event_choices":[{"damage_healed":0,"gold_gain":0,"player_choice":"Donut","damage_taken":0,"max_hp_gain":5,"max_hp_loss":0,"event_name":"Big Fish","floor":4,"gold_loss":0},{"damage_healed":0,"gold_gain":75,"player_choice":"Gather Gold","damage_taken":11,"max_hp_gain":0,"max_hp_loss":0,"event_name":"World of Goop","floor":12,"gold_loss":0},{"damage_healed":0,"gold_gain":0,"player_choice":"Ignored","damage_taken":0,"max_hp_gain":0,"max_hp_loss":0,"event_name":"Ghosts","floor":19,"gold_loss":0},{"damage_healed":0,"gold_gain":0,"player_choice":"Fought Bandits","damage_taken":0,"max_hp_gain":0,"max_hp_loss":0,"event_name":"Masked Bandits","floor":28,"gold_loss":0},{"damage_healed":0,"gold_gain":0,"player_choice":"Became a vampire","damage_taken":0,"max_hp_gain":0,"max_hp_loss":23,"event_name":"Vampires","floor":29,"gold_loss":0,"cards_obtained":["Bite","Bite","Bite","Bite","Bite"]}],"is_beta":false,"boss_relics":[{"not_picked":["Ectoplasm","SlaversCollar"],"picked":"Coffee Dripper"}],"items_purged_floors":[20],"is_endless":false,"potions_floor_spawned":[2,3,5,13,16,22,24,27,28,31],"killed_by":"Automaton","ascension_level":20,"potion_discard_per_floor":[[],[],[],[],[],[],[],[],[],[],[],[],[],[],[],[],[],[],[],[],[],[],[],["LiquidBronze"],[],[],[],[],[],[],[],[],[]]}