{"neow_bonuses_skipped_log":["REMOVE_CARD","THREE_SMALL_POTIONS","THREE_RARE_CARDS"],"neow_costs_skipped_log":["NONE","NONE","PERCENT_DAMAGE"],"potions_obtained_entropic_brew":[[],[],[],[],[],[],[],[],[],[],[],[],[],[],[],[],[],[],[],[],[],[],[],[],[],[],[],[],[],[],[],[],[],[],[],[],[],[],[],[],[],[],[],[],[],[],[],[],[],[],[],[],[],[],[],[],[]],"gold_per_floor":[119,139,139,153,168,195,195,195,195,195,224,224,236,271,271,343,343,355,374,68,68,79,79,107,119,119,119,154,171,171,185,185,259,259,275,289,289,307,319,351,351,381,381,74,106,156,156,171,171,171,171,171,171,11,36,36],"floor_reached":57,"playtime":7039,"items_purged":[],"score":2979,"play_id":"b43098f5-8085-4780-b551-545d8e0e1b9e","local_time":"20230403201517","score_breakdown":["Floors Climbed (57): 285","Enemies Slain (16): 32","Exordium Elites Killed (3): 30","City Elites Killed (2): 40","Beyond Elites Killed (3): 90","Bosses Slain (5): 750","Librarian: 25","Champion (2): 50","Perfect (1): 50","Overkill: 25","Ascension (20): 1352","Heartbreaker: 250"],"is_ascension_mode":true,"potions_obtained_alchemize":[[],[],[],[],[],[],[],[],[],[],[],[],[],[],[],[],[],[],[],[],[],[],[],[],[],[],[],[],[],[],[],[],[],[],[],[],[],[],[],[],[],[],[],[],[],[],[],[],[],[],[],[],[],[],[],[],[]],"campfire_choices":[{"floor":10.0,"key":"REST"},{"data":"Coolheaded","floor":12.0,"key":"SMITH"},{"floor":15.0,"key":"REST"},{"floor":23.0,"key":"REST"},{"floor":27.0,"key":"REST"},{"data":"Dark Embrace","floor":30.0,"key":"SMITH"},{"data":"Beam Cell","floor":32.0,"key":"SMITH"},{"floor":41.0,"key":"RECALL"},{"data":"Go for the Eyes","floor":47.0,"key":"SMITH"},{"data":"Corruption","floor":49.0,"key":"SMITH"},{"data":"Echo Form","floor":53.0,"key":"SMITH"}],"lesson_learned_per_floor":[[],[],[],[],[],[],[],[],[],[],[],[],[],[],[],[],[],[],[],[],[],[],[],[],[],[],[],[],[],[],[],[],[],[],[],[],[],[],[],[],[],[],[],[],[],[],[],[],[],[],[],[],[],[],[],[],[]],"neow_cost":"NONE","improvable_cards":{},"seed_source_timestamp":5423273115922,"shop_contents":[{"floor":20,"relics":["Oddly Smooth Stone","DataDisk"],"cards":["Barrage","Cold Snap","Storm","Mind Blast","Violence+1"],"potions":["Fruit Juice","FocusPotion","FearPotion"]},{"floor":44,"relics":["Centennial Puzzle","Medical Kit"],"cards":["Streamline","Blizzard","Turbo+1","Static Discharge+1","Flash of Steel","Metamorphosis+1"],"potions":["PotionOfCapacity","Weak Potion","Explosive Potion"]},{"floor":54,"relics":["Bottled Flame","War Paint"],"cards":["Sweeping Beam","Sunder","Seek+1","Stack+1","Static Discharge+1","Good Instincts+1","Metamorphosis+1"],"potions":["PowerPotion","Dexterity Potion","EssenceOfSteel"]}],"circlet_count":0,"master_deck":["AscendersBane","Strike_B","Strike_B+1","Strike_B","Strike_B+1","Defend_B","Defend_B+1","Defend_B","Zap","Dualcast","Coolheaded+1","Hologram","Streamline+1","Go for the Eyes+1","Coolheaded","Echo Form+1","Cold Snap","Loop","Multi-Cast+1","Seek+1","CurseOfTheBell","Compile Driver","Beam Cell+1","Reprogram+1","Hologram+1","Iron Wave+1","Conserve Battery+1","Corruption+1","Stack+1","Dark Embrace+1","Self Repair","Tantrum","Sentinel+1","Vault+1","ThirdEye+1","Deflect+1","Conserve Battery+1","Worship+1","Battle Trance+1","Wraith Form v2+1","Recycle+1","Turbo+1","Backflip+1","Heavy Blade+1","Reboot+1"],"special_seed":0,"potion_use_per_floor":[[],[],[],[],[],["SkillPotion"],[],[],[],[],["AttackPotion"],[],[],[],[],["Swift Potion"],[],[],[],[],[],[],[],["DistilledChaos"],[],[],[],["ColorlessPotion"],[],[],[],[],[],[],[],[],[],[],[],[],[],[],[],[],[],[],[],[],[],[],[],[],[],[],[],["Weak Potion","DuplicationPotion"],[]],"relics":["Velvet Choker","Whetstone","Dream Catcher","HornCleat","Toxic Egg 2","Calling Bell","PreservedInsect","InkBottle","Du-Vu Doll","PrismaticShard","Vajra","Ornamental Fan","Bronze Scales","Runic Pyramid","Juzu Bracelet","Frozen Egg 2","Bottled Lightning","Bag of Preparation","Gambling Chip","Orrery","White Beast Statue"],"potions_floor_usage":[56,56],"damage_taken":[{"damage":0.0,"enemies":"2 Louse","floor":1.0,"turns":2.0},{"damage":2.0,"enemies":"Jaw Worm","floor":2.0,"turns":4.0},{"damage":0.0,"enemies":"Cultist","floor":4.0,"turns":4.0},{"damage":2.0,"enemies":"3 Louse","floor":5.0,"turns":3.0},{"damage":22.0,"enemies":"Lagavulin","floor":6.0,"turns":7.0},{"damage":2.0,"enemies":"Gremlin Nob","floor":11.0,"turns":3.0},{"damage":0.0,"enemies":"Blue Slaver","floor":13.0,"turns":4.0},{"damage":4.0,"enemies":"3 Sentries","floor":14.0,"turns":10.0},{"damage":6.0,"enemies":"Slime Boss","floor":16.0,"turns":7.0},{"damage":2.0,"enemies":"Chosen","floor":18.0,"turns":4.0},{"damage":9.0,"enemies":"Spheric Guardian","floor":19.0,"turns":4.0},{"damage":11.0,"enemies":"Snake Plant","floor":22.0,"turns":4.0},{"damage":24.0,"enemies":"Slavers","floor":24.0,"turns":4.0},{"damage":7.0,"enemies":"Shelled Parasite and Fungi","floor":25.0,"turns":6.0},{"damage":22.0,"enemies":"Book of Stabbing","floor":28.0,"turns":5.0},{"damage":7.0,"enemies":"Centurion and Healer","floor":29.0,"turns":6.0},{"damage":19.0,"enemies":"Sentry and Sphere","floor":31.0,"turns":12.0},{"damage":6.0,"enemies":"Champ","floor":33.0,"turns":13.0},{"damage":5.0,"enemies":"3 Shapes","floor":35.0,"turns":6.0},{"damage":6.0,"enemies":"3 Darklings","floor":36.0,"turns":9.0},{"damage":5.0,"enemies":"Spire Growth","floor":38.0,"turns":5.0},{"damage":0.0,"enemies":"Maw","floor":39.0,"turns":6.0},{"damage":14.0,"enemies":"Nemesis","floor":40.0,"turns":6.0},{"damage":0.0,"enemies":"Reptomancer","floor":42.0,"turns":3.0},{"damage":3.0,"enemies":"Nemesis","floor":45.0,"turns":6.0},{"damage":2.0,"enemies":"2 Orb Walkers","floor":46.0,"turns":4.0},{"damage":0.0,"enemies":"Jaw Worm Horde","floor":48.0,"turns":4.0},{"damage":0.0,"enemies":"Donu and Deca","floor":50.0,"turns":7.0},{"damage":15.0,"enemies":"Awakened One","floor":51.0,"turns":9.0},{"damage":0.0,"enemies":"Shield and Spear","floor":55.0,"turns":8.0},{"damage":47,"enemies":"The Heart","floor":56,"turns":9}],"green_key_taken_log":45,"seed_played":"8353877310899203745","neow_bonus_log":{"cardsObtained":[],"cardsUpgraded":[],"cardsRemoved":[],"cardsTransformed":[],"relicsObtained":["Velvet Choker"],"maxHpGained":0,"goldGained":0,"damageTaken":0,"goldLost":0,"maxHpLost":0},"potions_obtained":[{"floor":2.0,"key":"SkillPotion"},{"floor":4.0,"key":"LiquidBronze"},{"floor":5.0,"key":"AttackPotion"},{"floor":11.0,"key":"Swift Potion"},{"floor":19.0,"key":"DistilledChaos"},{"floor":21.0,"key":"ColorlessPotion"},{"floor":24.0,"key":"Strength Potion"},{"floor":28.0,"key":"Weak Potion"},{"floor":35.0,"key":"SteroidPotion"},{"floor":46.0,"key":"DuplicationPotion"}],"is_trial":false,"path_per_floor":["M","M","?","M","M","E","?","?","T","R","E","R","M","E","R","B",null,"M","M","$","?","M","R","E","M","T","R","E","M","R","M","R","B",null,"M","M","?","M","M","E","R","E","T","$","E","?","R","M","R","B","B",null,"R","$","E","B",null],"character_chosen":"DEFECT","basemod:card_modifiers":[null,null,null,null,null,null,null,null,null,null,null,null,null,null,null,null,null,null,null,null,null,null,null,null,null,null,null,null,null,null,null,null,null,null,null,null,null,null,null,null,null,null,null,null,null],"items_purchased":["Reprogram+1","PrismaticShard","Hologram+1","Bottled Lightning","Recycle+1","Orrery"],"campfire_rested":4,"item_purchase_floors":[20,20,20,44,44,54],"current_hp_per_floor":[64,62,62,62,60,38,17,10,10,31,29,29,29,25,46,40,63,61,52,52,52,41,62,38,31,31,52,30,37,37,32,32,40,63,71,71,71,71,71,71,71,71,71,71,71,71,71,71,71,71,70,71,71,71,71,31],"gold":36,"neow_bonus":"BOSS_RELIC","is_prod":false,"is_daily":false,"rewards_skipped":[{"floor":21,"relics":[],"potions":["SmokeBomb"]},{"floor":25,"relics":[],"potions":["PotionOfCapacity"]},{"floor":29,"relics":[],"potions":["SkillPotion"]},{"floor":45,"relics":[],"potions":["Energy Potion"]}],"chose_seed":false,"campfire_upgraded":6,"win_rate":0,"floor_exit_playtime":[219,275,371,481,666,935,988,1063,1067,1081,1196,1216,1298,1504,1590,1863,1976,2112,2224,2410,2422,2521,2536,2680,2823,2827,2865,2993,3249,3263,3587,3610,3940,4011,4192,4549,4565,4675,4838,5054,5060,5301,5311,5363,5555,5726,5734,5863,5889,6079,6414,6426,6433,6518,6728,7039],"timestamp":1680567317,"blue_key_relic_skipped_log":{"floor":43,"relicID":"Potion Belt"},"path_taken":["M","M","?","M","M","E","?","?","T","R","E","R","M","E","R","BOSS","M","M","$","?","M","R","E","M","T","R","E","M","R","?","R","BOSS","M","M","?","M","M","E","R","E","T","$","E","?","R","M","R","BOSS","BOSS","R","$","E","BOSS"],"build_version":"2022-12-18","purchased_purges":0,"victory":true,"max_hp_per_floor":[71,71,71,71,71,71,71,71,71,71,71,71,71,71,71,71,71,71,71,71,71,71,71,71,71,71,71,71,71,71,71,71,71,71,71,71,71,71,71,71,71,71,71,71,71,71,71,71,71,71,71,71,71,71,71,71],"relic_stats":{"counters":[31,184],"PreservedInsect":325,"Juzu Bracelet":0,"Bag of Preparation":[12],"Whetstone":["Streamline","Strike_B"],"White Beast Statue":[0.0,0.0,0.0,0.0,0.0,1.0,0.0,0.0,0.0,0.0,0.0,0.0],"Dream Catcher":4,"Ornamental Fan":[120],"Bronze Scales":[359],"Gambling Chip":[17],"Bottled Lightning":"Seek","obtain_stats":[{"Velvet Choker":0,"Vajra":24,"PreservedInsect":17,"Juzu Bracelet":40,"Bag of Preparation":45,"Whetstone":6,"Frozen Egg 2":42,"PrismaticShard":20,"White Beast Statue":55,"Calling Bell":17,"Du-Vu Doll":17,"Dream Catcher":9,"HornCleat":11,"Ornamental Fan":26,"Bronze Scales":28,"Gambling Chip":46,"Orrery":54,"Bottled Lightning":44,"Toxic Egg 2":14,"Cracked Core":0,"InkBottle":17,"Runic Pyramid":34},{"Velvet Choker":0,"Vajra":13,"PreservedInsect":9,"Juzu Bracelet":23,"Bag of Preparation":25,"Whetstone":5,"Frozen Egg 2":24,"PrismaticShard":11,"White Beast Statue":30,"Calling Bell":9,"Du-Vu Doll":9,"Dream Catcher":5,"HornCleat":6,"Ornamental Fan":14,"Bronze Scales":15,"Gambling Chip":26,"Orrery":29,"Bottled Lightning":24,"Toxic Egg 2":8,"Cracked Core":0,"InkBottle":9,"Runic Pyramid":18},{"Velvet Choker":0,"Vajra":60,"PreservedInsect":44,"Juzu Bracelet":134,"Bag of Preparation":143,"Whetstone":20,"Frozen Egg 2":137,"PrismaticShard":52,"White Beast Statue":175,"Calling Bell":44,"Du-Vu Doll":44,"Dream Catcher":20,"HornCleat":23,"Ornamental Fan":66,"Bronze Scales":71,"Gambling Chip":147,"Orrery":167,"Bottled Lightning":137,"Toxic Egg 2":37,"Cracked Core":0,"InkBottle":44,"Runic Pyramid":102}],"InkBottle":[65]},"card_choices":[{"not_picked":["Steam","Redo"],"picked":"Coolheaded","floor":1.0},{"not_picked":["Static Discharge","Leap"],"picked":"Hologram","floor":2.0},{"not_picked":["Turbo","Barrage"],"picked":"Streamline","floor":4.0},{"not_picked":["Steam","Aggregate"],"picked":"Go for the Eyes","floor":5.0},{"not_picked":["Compile Driver","Barrage"],"picked":"Coolheaded","floor":6.0},{"not_picked":["Glacier","Beam Cell"],"picked":"Echo Form","floor":11.0},{"not_picked":["Steam Power","Lockon"],"picked":"Cold Snap","floor":13.0},{"not_picked":["Steam+1","Streamline"],"picked":"Loop","floor":14.0},{"not_picked":["Rip and Tear","Auto Shields+1"],"picked":"Multi-Cast+1","floor":15.0},{"not_picked":["Core Surge","Reboot+1"],"picked":"Seek+1","floor":16.0},{"not_picked":["Redo+1","Storm"],"picked":"Compile Driver","floor":18.0},{"not_picked":["Cold Snap","Loop"],"picked":"Beam Cell","floor":19.0},{"not_picked":["Dark Embrace","Indignation+1"],"picked":"Iron Wave+1","floor":22.0},{"not_picked":["Carnage","Outmaneuver+1"],"picked":"Conserve Battery+1","floor":23.0},{"not_picked":["Wild Strike","Trip+1"],"picked":"Corruption","floor":24.0},{"not_picked":["Weave","Deadly Poison+1"],"picked":"Stack+1","floor":25.0},{"not_picked":["Burning Pact+1","Finisher"],"picked":"Dark Embrace","floor":27.0},{"not_picked":["Heatsinks","Clothesline"],"picked":"Self Repair","floor":28.0},{"not_picked":["FlyingSleeves","Cold Snap"],"picked":"Tantrum","floor":29.0},{"not_picked":["Streamline","Blood for Blood"],"picked":"Sentinel+1","floor":31.0},{"not_picked":["Bullet Time+1","Creative AI"],"picked":"Vault+1","floor":33.0},{"not_picked":["Barrage","Turbo+1"],"picked":"ThirdEye+1","floor":35.0},{"not_picked":["MentalFortress+1","Weave+1"],"picked":"Deflect+1","floor":36.0},{"not_picked":["Clash","Poisoned Stab"],"picked":"Conserve Battery+1","floor":38.0},{"not_picked":["Streamline+1","Conserve Battery+1"],"picked":"Worship+1","floor":39.0},{"not_picked":["Slice","Masterful Stab"],"picked":"Battle Trance+1","floor":40.0},{"not_picked":["Rebound+1","Shrug It Off+1"],"picked":"Wraith Form v2+1","floor":42.0},{"not_picked":["Warcry+1","Steam+1","SashWhip"],"picked":"SKIP","floor":45.0},{"not_picked":["All Out Attack+1","Rupture+1"],"picked":"Turbo+1","floor":46.0},{"not_picked":["Doom and Gloom","Sweeping Beam","Static Discharge+1"],"picked":"SKIP","floor":48.0},{"not_picked":["Redo+1","Body Slam"],"picked":"Backflip+1","floor":54.0},{"not_picked":["Corpse Explosion+1","Blade Dance+1"],"picked":"Heavy Blade+1","floor":54.0},{"not_picked":["Sword Boomerang","Consecrate+1"],"picked":"Reboot+1","floor":54.0},{"not_picked":["Eviscerate","Immolate","Go for the Eyes"],"picked":"SKIP","floor":54.0},{"not_picked":["Doom and Gloom+1","Pommel Strike","Perseverance+1"],"picked":"SKIP","floor":54.0},{"not_picked":["Glacier+1","Skewer+1","Warcry+1"],"picked":"SKIP","floor":55.0}],"player_experience":5509882,"relics_obtained":[{"floor":6.0,"key":"Whetstone"},{"floor":9.0,"key":"Dream Catcher"},{"floor":11.0,"key":"HornCleat"},{"floor":14.0,"key":"Toxic Egg 2"},{"floor":17.0,"key":"PreservedInsect"},{"floor":17.0,"key":"InkBottle"},{"floor":17.0,"key":"Du-Vu Doll"},{"floor":24.0,"key":"Vajra"},{"floor":26.0,"key":"Ornamental Fan"},{"floor":28.0,"key":"Bronze Scales"},{"floor":40.0,"key":"Juzu Bracelet"},{"floor":42.0,"key":"Frozen Egg 2"},{"floor":45.0,"key":"Bag of Preparation"},{"floor":46.0,"key":"Gambling Chip"},{"floor":55.0,"key":"White Beast Statue"}],"event_choices":[{"damage_healed":0.0,"max_hp_gain":0.0,"max_hp_loss":0.0,"gold_gain":0.0,"event_name":"Liars Game","player_choice":"Ignored","floor":3.0,"gold_loss":0.0,"damage_taken":0.0},{"damage_healed":0.0,"max_hp_gain":0.0,"max_hp_loss":0.0,"gold_gain":0.0,"event_name":"Shining Light","player_choice":"Entered Light","floor":7.0,"gold_loss":0.0,"damage_taken":21.0,"cards_upgraded":["Strike_B","Defend_B"]},{"cards_removed":["Defend_B"],"damage_healed":0.0,"max_hp_gain":0.0,"max_hp_loss":0.0,"gold_gain":0.0,"event_name":"Golden Wing","player_choice":"Card Removal","floor":8.0,"gold_loss":0.0,"damage_taken":7.0},{"damage_healed":0.0,"max_hp_gain":0.0,"max_hp_loss":0.0,"gold_gain":0.0,"event_name":"Lab","player_choice":"Got Potions","floor":21.0,"gold_loss":0.0,"damage_taken":0.0},{"damage_healed":0.0,"max_hp_gain":0.0,"max_hp_loss":0.0,"gold_gain":0.0,"event_name":"Tomb of Lord Red Mask","player_choice":"Ignored","floor":37.0,"gold_loss":0.0,"damage_taken":0.0},{"damage_healed":0.0,"max_hp_gain":0.0,"max_hp_loss":0.0,"gold_gain":0.0,"event_name":"Mysterious Sphere","player_choice":"Fight","floor":46.0,"gold_loss":0.0,"damage_taken":0.0}],"is_beta":false,"boss_relics":[{"not_picked":["Philosopher\u0027s Stone","Sozu"],"picked":"Calling Bell"},{"not_picked":["SacredBark","Fusion Hammer"],"picked":"Runic Pyramid"}],"items_purged_floors":[],"is_endless":false,"potions_floor_spawned":[2,4,5,11,19,24,25,28,29,35,45,46],"ascension_level":20,"potion_discard_per_floor":[[],[],[],[],["LiquidBronze"],[],[],[],[],[],[],[],[],[],[],[],[],[],[],[],[],[],[],[],[],[],[],[],[],[],[],[],[],[],["Strength Potion"],[],[],[],[],[],[],[],[],[],[],["SteroidPotion"],[],[],[],[],[],[],[],[],[],[],[]]}