{"neow_bonuses_skipped_log":["THREE_SMALL_POTIONS","RANDOM_COLORLESS_2","BOSS_RELIC"],"potions_obtained_entropic_brew":[[],[],[],[],[],[],[],[],[],[],[],[],[],[],[],[],[],[],[],[],[],[],[],[],[],[],[],[],[],[],[],[],[],[],[],[],[],[],[],[],[],[],[],[],[],[],[],[],[],[],[],[],[],[],[],[],[]],"neow_costs_skipped_log":["NONE","NO_GOLD","NONE"],"gold_per_floor":[109,129,149,168,168,168,193,206,230,230,259,311,48,65,65,141,141,155,165,185,200,115,147,147,173,173,13,26,26,56,75,75,146,146,163,174,190,208,221,249,249,278,301,344,344,365,383,162,162,162,162,162,162,37,71,71],"floor_reached":57,"playtime":7448,"items_purged":["Strike_B","Writhe","Zap"],"score":2911,"play_id":"eb36c600-2047-4c97-ba73-47d140d4acec","local_time":"20230330203259","score_breakdown":["Floors Climbed (57): 285","Enemies Slain (19): 38","Exordium Elites Killed (2): 20","City Elites Killed (3): 60","Beyond Elites Killed (3): 90","Bosses Slain (5): 750","Well Fed: 25","Champion (3): 75","Ascension (20): 1318","Heartbreaker: 250"],"is_ascension_mode":true,"potions_obtained_alchemize":[[],[],[],[],[],[],[],[],[],[],[],[],[],[],[],[],[],[],[],[],[],[],[],[],[],[],[],[],[],[],[],[],[],[],[],[],[],[],[],[],[],[],[],[],[],[],[],[],[],[],[],[],[],[],[],[],[]],"campfire_choices":[{"data":"Sunder","floor":6,"key":"SMITH"},{"data":"Beam Cell","floor":10,"key":"SMITH"},{"data":"Apotheosis","floor":15,"key":"SMITH"},{"data":"Biased Cognition","floor":32,"key":"SMITH"},{"floor":41,"key":"RECALL"},{"data":"Seek","floor":45,"key":"SMITH"},{"data":"Hologram","floor":49,"key":"SMITH"},{"data":"Hologram","floor":53,"key":"SMITH"}],"lesson_learned_per_floor":[[],[],[],[],[],[],[],[],[],[],[],[],[],[],[],[],[],[],[],[],[],[],[],[],[],[],[],[],[],[],[],[],[],[],[],[],[],[],[],[],[],[],[],[],[],[],[],[],[],[],[],[],[],[],[],[],[]],"neow_cost":"NONE","improvable_cards":{"Genetic Algorithm":[100]},"seed_source_timestamp":2608370910681,"shop_contents":[{"floor":13,"relics":["Letter Opener","HornCleat","Sling"],"cards":["Compile Driver","Doom and Gloom","Chaos","Redo","Capacitor","Enlightenment"],"potions":["FairyPotion","CultistPotion","Fire Potion"]},{"floor":27,"relics":["Boot","Nunchaku"],"cards":["Rebound","Hyperbeam","Rainbow","Turbo","Hello World","Good Instincts","Thinking Ahead"],"potions":["FearPotion","BlessingOfTheForge","Dexterity Potion"]},{"floor":48,"relics":["Molten Egg 2","Orichalcum","Chemical X"],"cards":["Go for the Eyes","Sunder","Undo","Enlightenment","The Bomb"],"potions":["Fire Potion","PotionOfCapacity","EssenceOfDarkness"]},{"floor":54,"relics":["Vajra","Blue Candle","Membership Card"],"cards":["Hyperbeam","Meteor Strike","Turbo","Reinforced Body","Self Repair","Good Instincts","The Bomb"],"potions":["SpeedPotion","LiquidMemories","Strength Potion"]}],"circlet_count":0,"master_deck":["AscendersBane","Strike_B","Strike_B","Defend_B","Defend_B","Defend_B","Defend_B","Dualcast","Genetic Algorithm","Ball Lightning+1","Go for the Eyes","FTL","Sunder+1","Beam Cell+1","Steam Power","Apotheosis+1","Hologram","Biased Cognition+1","Doom and Gloom+1","Rainbow","Glacier","Stack","Seek+1","Force Field","Hologram+1","Double Energy","Biased Cognition","Undo","Fusion","Glacier","Capacitor","Hologram+1","Core Surge"],"potion_use_per_floor":[[],[],[],[],[],[],["DistilledChaos"],[],[],[],[],[],[],[],[],["Strength Potion"],[],[],[],[],[],[],[],[],["DuplicationPotion"],[],[],[],[],[],[],[],[],[],[],[],[],[],[],[],[],[],[],[],[],[],[],[],[],[],[],[],[],[],[],["PowerPotion"],[]],"relics":["Cracked Core","Dead Branch","Regal Pillow","Bag of Preparation","Lantern","Snecko Eye","Juzu Bracelet","Sundial","Shuriken","Pear","Pantograph","ClockworkSouvenir","Whetstone","SlaversCollar","Centennial Puzzle","Mango","CeramicFish","Happy Flower"],"potions_floor_usage":[7,16,25,56],"damage_taken":[{"damage":1,"enemies":"Cultist","floor":1,"turns":4},{"damage":0,"enemies":"2 Louse","floor":2,"turns":3},{"damage":2,"enemies":"Jaw Worm","floor":3,"turns":3},{"damage":19,"enemies":"Gremlin Gang","floor":4,"turns":4},{"damage":9,"enemies":"Lagavulin","floor":7,"turns":7},{"damage":2,"enemies":"Large Slime","floor":8,"turns":4},{"damage":0,"enemies":"3 Sentries","floor":11,"turns":4},{"damage":0,"enemies":"Blue Slaver","floor":14,"turns":1},{"damage":2,"enemies":"Slime Boss","floor":16,"turns":4},{"damage":4,"enemies":"3 Byrds","floor":18,"turns":5},{"damage":0,"enemies":"Chosen","floor":19,"turns":2},{"damage":0,"enemies":"Snecko","floor":20,"turns":3},{"damage":10,"enemies":"Snake Plant","floor":21,"turns":4},{"damage":1,"enemies":"Book of Stabbing","floor":23,"turns":4},{"damage":5,"enemies":"Slavers","floor":25,"turns":5},{"damage":12,"enemies":"Sentry and Sphere","floor":28,"turns":12},{"damage":3,"enemies":"Book of Stabbing","floor":30,"turns":5},{"damage":0,"enemies":"3 Cultists","floor":31,"turns":6},{"damage":20,"enemies":"Automaton","floor":33,"turns":9},{"damage":1,"enemies":"3 Darklings","floor":35,"turns":5},{"damage":0,"enemies":"3 Shapes","floor":36,"turns":20},{"damage":0,"enemies":"Spire Growth","floor":37,"turns":7},{"damage":13,"enemies":"Writhing Mass","floor":38,"turns":11},{"damage":12,"enemies":"Jaw Worm Horde","floor":39,"turns":4},{"damage":0,"enemies":"Reptomancer","floor":40,"turns":6},{"damage":6,"enemies":"Giant Head","floor":42,"turns":8},{"damage":0,"enemies":"Nemesis","floor":44,"turns":13},{"damage":0,"enemies":"3 Darklings","floor":46,"turns":6},{"damage":0,"enemies":"Transient","floor":47,"turns":6},{"damage":7,"enemies":"Time Eater","floor":50,"turns":28},{"damage":5,"enemies":"Donu and Deca","floor":51,"turns":61},{"damage":4,"enemies":"Shield and Spear","floor":55,"turns":11},{"damage":22,"enemies":"The Heart","floor":56,"turns":11}],"green_key_taken_log":7,"seed_played":"3535538985212622100","neow_bonus_log":{"cardsObtained":["Genetic Algorithm"],"cardsUpgraded":[],"cardsRemoved":[],"cardsTransformed":["Strike_B"],"relicsObtained":[],"maxHpGained":0,"goldGained":0,"damageTaken":0,"goldLost":0,"maxHpLost":0},"potions_obtained":[{"floor":1,"key":"Weak Potion"},{"floor":2,"key":"DistilledChaos"},{"floor":4,"key":"DuplicationPotion"},{"floor":11,"key":"Weak Potion"},{"floor":14,"key":"Strength Potion"},{"floor":18,"key":"GamblersBrew"},{"floor":28,"key":"SmokeBomb"},{"floor":35,"key":"PowerPotion"}],"is_trial":false,"path_per_floor":["M","M","M","M","?","R","E","M","T","R","E","T","$","M","R","B",null,"M","M","M","M","?","E","?","E","T","$","M","?","E","M","R","B",null,"M","M","M","M","M","E","R","E","T","E","R","M","M","$","R","B","B",null,"R","$","E","B",null],"character_chosen":"DEFECT","basemod:card_modifiers":[null,null,null,null,null,null,null,null,null,null,null,null,null,null,null,null,null,null,null,null,null,null,null,null,null,null,null,null,null,null,null,null,null],"items_purchased":["Apotheosis","ClockworkSouvenir","Capacitor","Hologram"],"campfire_rested":0,"item_purchase_floors":[13,27,48,48],"current_hp_per_floor":[63,63,61,42,65,65,56,54,54,54,54,54,54,54,54,52,66,62,62,62,52,52,51,51,56,56,56,44,44,41,41,41,46,72,71,71,71,58,46,46,46,54,54,54,54,54,54,54,54,72,90,94,94,94,90,73],"gold":71,"neow_bonus":"TRANSFORM_CARD","is_prod":false,"is_daily":false,"rewards_skipped":[{"floor":23,"relics":[],"potions":["BlessingOfTheForge"]},{"floor":38,"relics":[],"potions":["FearPotion"]},{"floor":39,"relics":[],"potions":["AttackPotion"]},{"floor":42,"relics":[],"potions":["BlessingOfTheForge"]}],"chose_seed":false,"campfire_upgraded":7,"win_rate":0,"floor_exit_playtime":[299,366,447,564,584,590,722,822,828,842,930,937,1007,1061,1071,1152,1303,1441,1486,1585,1735,1747,1846,1853,2061,2076,2137,2296,2302,2479,2591,2611,2861,2935,3100,3517,3626,3815,3974,4333,4363,4541,4548,4818,4827,4977,5253,5304,5318,5728,6414,6438,6476,6596,6913,7448],"timestamp":1680222779,"blue_key_relic_skipped_log":{"floor":43,"relicID":"Dream Catcher"},"path_taken":["M","M","?","M","?","R","E","M","T","R","E","?","$","M","R","BOSS","M","?","M","M","?","E","?","E","T","$","M","?","E","M","R","BOSS","M","M","M","M","M","E","R","E","T","E","R","M","M","$","R","BOSS","BOSS","R","$","E","BOSS"],"build_version":"2022-12-18","purchased_purges":3,"victory":true,"max_hp_per_floor":[71,71,71,71,71,71,71,71,71,71,71,71,71,71,71,71,71,71,71,71,71,71,71,71,81,81,81,81,81,81,81,81,81,81,81,81,81,81,81,81,81,95,95,95,95,95,95,95,95,95,95,95,95,95,95,95],"relic_stats":{"Regal Pillow":0,"Happy Flower":[3],"counters":[33,285],"Dead Branch":[237],"CeramicFish":45,"Bag of Preparation":[52],"Juzu Bracelet":1,"Whetstone":["Ball Lightning","Doom and Gloom"],"Centennial Puzzle":[13],"Sundial":[36],"Shuriken":[25],"Pantograph":78,"Snecko Eye":[437,406,464,431,-731],"obtain_stats":[{"Regal Pillow":9,"Lantern":12,"Pear":25,"Happy Flower":55,"Dead Branch":7,"CeramicFish":44,"Mango":42,"Bag of Preparation":11,"Juzu Bracelet":22,"Whetstone":30,"ClockworkSouvenir":27,"SlaversCollar":34,"Centennial Puzzle":40,"Sundial":23,"Shuriken":24,"Pantograph":26,"Snecko Eye":17,"Cracked Core":0},{"Regal Pillow":6,"Lantern":7,"Pear":15,"Happy Flower":32,"Dead Branch":5,"CeramicFish":27,"Mango":26,"Bag of Preparation":7,"Juzu Bracelet":13,"Whetstone":17,"ClockworkSouvenir":15,"SlaversCollar":19,"Centennial Puzzle":25,"Sundial":14,"Shuriken":14,"Pantograph":15,"Snecko Eye":9,"Cracked Core":0},{"Regal Pillow":25,"Lantern":29,"Pear":57,"Happy Flower":275,"Dead Branch":21,"CeramicFish":163,"Mango":150,"Bag of Preparation":29,"Juzu Bracelet":48,"Whetstone":74,"ClockworkSouvenir":57,"SlaversCollar":89,"Centennial Puzzle":142,"Sundial":52,"Shuriken":52,"Pantograph":57,"Snecko Eye":34,"Cracked Core":0}]},"card_choices":[{"not_picked":["Aggregate","Go for the Eyes"],"picked":"Ball Lightning","floor":1},{"not_picked":["Gash","Heatsinks"],"picked":"Go for the Eyes","floor":2},{"not_picked":["Compile Driver","Coolheaded"],"picked":"FTL","floor":3},{"not_picked":["Sweeping Beam","Leap"],"picked":"Sunder","floor":4},{"not_picked":["Gash","Reprogram","Redo"],"picked":"SKIP","floor":7},{"not_picked":["Capacitor","Stack"],"picked":"Beam Cell","floor":8},{"not_picked":["Compile Driver","Consume"],"picked":"Steam Power","floor":11},{"not_picked":["Coolheaded","Heatsinks"],"picked":"Hologram","floor":14},{"not_picked":["Multi-Cast","Creative AI"],"picked":"Biased Cognition","floor":16},{"not_picked":["Leap","Streamline","Sweeping Beam"],"picked":"SKIP","floor":18},{"not_picked":["Leap","Streamline","Sweeping Beam"],"picked":"SKIP","floor":18},{"not_picked":["Redo","Gash+1"],"picked":"Doom and Gloom","floor":19},{"not_picked":["Leap","Coolheaded"],"picked":"Rainbow","floor":20},{"not_picked":["Streamline","Beam Cell","Rebound"],"picked":"SKIP","floor":21},{"not_picked":["Rebound+1","Ball Lightning","Hyperbeam"],"picked":"SKIP","floor":23},{"not_picked":["Capacitor","Aggregate"],"picked":"Glacier","floor":25},{"not_picked":["Rip and Tear","Leap","Conserve Battery"],"picked":"SKIP","floor":28},{"not_picked":["Rip and Tear","Leap","Conserve Battery"],"picked":"SKIP","floor":28},{"not_picked":["Turbo","Beam Cell"],"picked":"Stack","floor":30},{"not_picked":["Rebound","Rip and Tear","Ball Lightning"],"picked":"SKIP","floor":31},{"not_picked":["Core Surge","Amplify"],"picked":"Seek","floor":33},{"not_picked":["Consume","Go for the Eyes","Steam"],"picked":"SKIP","floor":35},{"not_picked":["Steam","Ball Lightning+1","Go for the Eyes"],"picked":"SKIP","floor":36},{"not_picked":["Gash","Redo"],"picked":"Force Field","floor":37},{"not_picked":["Sweeping Beam","Stack"],"picked":"Hologram","floor":38},{"not_picked":["Storm","Sweeping Beam"],"picked":"Double Energy","floor":39},{"not_picked":["White Noise","Steam Power"],"picked":"Biased Cognition","floor":40},{"not_picked":["Storm","Gash"],"picked":"Undo","floor":42},{"not_picked":["Blizzard","Barrage"],"picked":"Fusion","floor":44},{"not_picked":["White Noise","Lockon"],"picked":"Glacier","floor":46},{"not_picked":["Auto Shields+1","Compile Driver"],"picked":"Core Surge","floor":55}],"player_experience":5487190,"relics_obtained":[{"floor":7,"key":"Dead Branch"},{"floor":9,"key":"Regal Pillow"},{"floor":11,"key":"Bag of Preparation"},{"floor":12,"key":"Lantern"},{"floor":23,"key":"Sundial"},{"floor":25,"key":"Pear"},{"floor":26,"key":"Pantograph"},{"floor":30,"key":"Whetstone"},{"floor":40,"key":"Centennial Puzzle"},{"floor":42,"key":"Mango"},{"floor":44,"key":"CeramicFish"},{"floor":55,"key":"Happy Flower"}],"event_choices":[{"damage_healed":23,"gold_gain":0,"player_choice":"Banana","damage_taken":0,"max_hp_gain":0,"max_hp_loss":0,"event_name":"Big Fish","floor":5,"gold_loss":0},{"damage_healed":0,"gold_gain":0,"player_choice":"Obtained Relic","damage_taken":0,"relics_obtained":["Juzu Bracelet"],"max_hp_gain":0,"max_hp_loss":0,"event_name":"Addict","floor":22,"gold_loss":85},{"damage_healed":0,"gold_gain":0,"player_choice":"Opened","damage_taken":0,"relics_obtained":["Shuriken"],"max_hp_gain":0,"max_hp_loss":0,"event_name":"The Mausoleum","floor":24,"gold_loss":0,"cards_obtained":["Writhe"]},{"damage_healed":0,"gold_gain":0,"player_choice":"Ignored","damage_taken":0,"max_hp_gain":0,"max_hp_loss":0,"event_name":"Vampires","floor":29,"gold_loss":0}],"is_beta":false,"boss_relics":[{"not_picked":["Black Star","Cursed Key"],"picked":"Snecko Eye"},{"not_picked":["Pandora\u0027s Box","FrozenCore"],"picked":"SlaversCollar"}],"items_purged_floors":[13,48,54],"is_endless":false,"potions_floor_spawned":[1,2,4,11,14,18,23,28,35,38,39,42],"ascension_level":20,"potion_discard_per_floor":[[],[],[],["Weak Potion"],[],[],[],[],[],[],[],[],[],["Weak Potion"],[],[],[],[],[],[],[],[],[],[],[],[],[],[],[],[],[],[],[],[],["SmokeBomb"],[],[],[],[],[],[],[],[],[],[],[],[],[],[],[],[],[],[],[],[],[],[]]}