{"neow_bonuses_skipped_log":["ONE_RANDOM_RARE_CARD","RANDOM_COMMON_RELIC","BOSS_RELIC"],"potions_obtained_entropic_brew":[[],[],[],[],[],[],[],[],[],[],[],[],[],[],[],[],[],[],[],[],[],[],[],[],[],[],[],[],[],[],[],[],[],[],[],[],[],[],[],[],[],[],[],[],[],[],[],[],[],[],[],[],[],[],[]],"neow_costs_skipped_log":["NONE","NONE","NONE"],"gold_per_floor":[112,112,187,207,232,232,250,250,273,273,312,312,360,38,38,142,142,167,197,197,197,224,224,256,256,256,256,289,289,332,365,365,470,470,493,523,545,558,558,558,605,628,628,662,707,739,757,804,816,828,840,852,864,298,298],"floor_reached":55,"playtime":5665,"items_purged":["Strike_B+1"],"score":2182,"play_id":"321f8309-c283-4f5c-8640-a0df2fb3b4d4","local_time":"20230419192910","score_breakdown":["Floors Climbed (55): 275","Enemies Slain (18): 36","Exordium Elites Killed (2): 20","City Elites Killed (1): 20","Beyond Elites Killed (3): 90","Bosses Slain (4): 500","Money Money (1162): 25","Librarian: 25","Champion (1): 25","Perfect (2): 100","Ascension (20): 1066"],"is_ascension_mode":true,"potions_obtained_alchemize":[[],[],[],[],[],[],[],[],[],[],[],[],[],[],[],[],[],[],[],[],[],[],[],[],[],[],[],[],[],[],[],[],[],[],[],[],[],[],[],[],[],[],[],[],[],[],[],[],[],[],[],[],[],[],[]],"campfire_choices":[{"data":"Beam Cell","floor":6.0,"key":"SMITH"},{"data":"Sweeping Beam","floor":8.0,"key":"SMITH"},{"floor":10.0,"key":"REST"},{"data":"Turbo","floor":15.0,"key":"SMITH"},{"data":"Go for the Eyes","floor":23.0,"key":"SMITH"},{"data":"Coolheaded","floor":25.0,"key":"SMITH"},{"data":"Coolheaded","floor":27.0,"key":"SMITH"},{"floor":29.0,"key":"REST"},{"data":"Defragment","floor":32.0,"key":"SMITH"},{"data":"Seek","floor":40.0,"key":"SMITH"},{"floor":49.0,"key":"RECALL"},{"data":"Skim","floor":53.0,"key":"SMITH"}],"lesson_learned_per_floor":[[],[],[],[],[],[],[],[],[],[],[],[],[],[],[],[],[],[],[],[],[],[],[],[],[],[],[],[],[],[],[],[],[],[],[],[],[],[],[],[],[],[],[],[],[],[],[],[],[],[],[],[],[],[],[]],"neow_cost":"PERCENT_DAMAGE","improvable_cards":{"Genetic Algorithm":[47,37]},"seed_source_timestamp":8116145480622,"shop_contents":[{"floor":14,"relics":["Molten Egg 2","Matryoshka"],"cards":["Streamline","Steam","Electrodynamics","Impatience","Master of Strategy"],"potions":["GamblersBrew","SkillPotion","BlessingOfTheForge"]},{"floor":54,"relics":["Ginger"],"cards":["Rip and Tear","Go for the Eyes","Leap","Reprogram","Trip","Transmutation"],"potions":["SmokeBomb"]}],"circlet_count":0,"master_deck":["AscendersBane","Strike_B+1","Strike_B+1","Defend_B+1","Defend_B+1","Defend_B+1","Zap","Dualcast","Rebound+1","Hologram","Coolheaded+1","Beam Cell+1","Coolheaded+1","Sweeping Beam+1","Genetic Algorithm","Ball Lightning+1","Chill","Biased Cognition","Skim+1","Compile Driver","Core Surge","Turbo+1","Electrodynamics","BootSequence","Genetic Algorithm","Go for the Eyes+1","Chill","FTL","Conserve Battery","Defragment+1","Seek+1","Turbo","Conserve Battery+1","Self Repair","Meteor Strike","Fission","Barrage","Compile Driver","Hello World"],"special_seed":0,"potion_use_per_floor":[[],[],[],[],[],[],[],[],[],[],[],[],["ColorlessPotion"],[],[],[],[],[],[],[],[],[],[],[],[],[],[],[],[],[],[],[],[],[],[],[],[],[],[],[],[],[],[],[],[],[],["DistilledChaos"],[],[],["FocusPotion"],[],[],[],[],["Energy Potion"]],"relics":["Cracked Core","Golden Idol","Omamori","Art of War","Bag of Preparation","CeramicFish","Orrery","Inserter","Ornamental Fan","Lizard Tail","Whetstone","SacredBark","Shuriken","Gremlin Horn","MawBank","Toolbox","Centennial Puzzle"],"potions_floor_usage":[55],"damage_taken":[{"damage":0.0,"enemies":"Cultist","floor":1.0,"turns":3.0},{"damage":0.0,"enemies":"Small Slimes","floor":4.0,"turns":2.0},{"damage":12.0,"enemies":"Jaw Worm","floor":5.0,"turns":2.0},{"damage":1.0,"enemies":"Blue Slaver","floor":7.0,"turns":5.0},{"damage":6.0,"enemies":"Gremlin Nob","floor":11.0,"turns":3.0},{"damage":15.0,"enemies":"3 Sentries","floor":13.0,"turns":8.0},{"damage":0.0,"enemies":"The Guardian","floor":16.0,"turns":12.0},{"damage":0.0,"enemies":"Spheric Guardian","floor":18.0,"turns":7.0},{"damage":4.0,"enemies":"Shell Parasite","floor":19.0,"turns":4.0},{"damage":16.0,"enemies":"Centurion and Healer","floor":22.0,"turns":7.0},{"damage":8.0,"enemies":"Cultist and Chosen","floor":24.0,"turns":5.0},{"damage":0.0,"enemies":"Chosen and Byrds","floor":28.0,"turns":5.0},{"damage":6.0,"enemies":"Slavers","floor":30.0,"turns":3.0},{"damage":2.0,"enemies":"Sentry and Sphere","floor":31.0,"turns":8.0},{"damage":0.0,"enemies":"Collector","floor":33.0,"turns":10.0},{"damage":1.0,"enemies":"Orb Walker","floor":35.0,"turns":4.0},{"damage":0.0,"enemies":"3 Shapes","floor":36.0,"turns":4.0},{"damage":6.0,"enemies":"Sphere and 2 Shapes","floor":37.0,"turns":8.0},{"damage":9.0,"enemies":"4 Shapes","floor":38.0,"turns":4.0},{"damage":12.0,"enemies":"Reptomancer","floor":41.0,"turns":7.0},{"damage":0.0,"enemies":"Maw","floor":42.0,"turns":9.0},{"damage":0.0,"enemies":"3 Darklings","floor":44.0,"turns":5.0},{"damage":18.0,"enemies":"Nemesis","floor":45.0,"turns":9.0},{"damage":21.0,"enemies":"Transient","floor":46.0,"turns":6.0},{"damage":8.0,"enemies":"Writhing Mass","floor":47.0,"turns":11.0},{"damage":0.0,"enemies":"Reptomancer","floor":48.0,"turns":7.0},{"damage":29.0,"enemies":"Awakened One","floor":50.0,"turns":18.0},{"damage":26.0,"enemies":"Donu and Deca","floor":51.0,"turns":16.0},{"damage":60,"enemies":"Shield and Spear","floor":55,"turns":6}],"green_key_taken_log":41,"seed_played":"1290740260452912503","neow_bonus_log":{"cardsObtained":["Rebound","Hologram"],"cardsUpgraded":[],"cardsRemoved":[],"cardsTransformed":["Defend_B","Strike_B"],"relicsObtained":[],"maxHpGained":0,"goldGained":0,"damageTaken":18,"goldLost":0,"maxHpLost":0},"potions_obtained":[{"floor":4.0,"key":"ColorlessPotion"},{"floor":5.0,"key":"Swift Potion"},{"floor":22.0,"key":"FocusPotion"},{"floor":37.0,"key":"DistilledChaos"}],"is_trial":false,"path_per_floor":["M","?","?","M","M","R","M","R","T","R","E","T","E","$","R","B",null,"M","M","?","?","M","R","M","R","T","R","M","R","E","M","R","B",null,"M","M","M","M","?","R","E","M","T","M","E","M","M","E","R","B","B",null,"R","$","E"],"character_chosen":"DEFECT","basemod:card_modifiers":[null,null,null,null,null,null,null,null,null,null,null,null,null,null,null,null,null,null,null,null,null,null,null,null,null,null,null,null,null,null,null,null,null,null,null,null,null,null,null],"items_purchased":["Orrery","Core Surge","Turbo","Toolbox","Centennial Puzzle","FocusPotion","Energy Potion","Hello World"],"campfire_rested":2,"item_purchase_floors":[14,14,14,54,54,54,54,54],"current_hp_per_floor":[46,46,35,35,23,23,22,22,22,41,35,35,20,20,20,20,53,53,49,49,49,33,33,25,25,25,25,25,44,38,36,36,36,57,56,56,50,41,37,37,25,32,32,39,28,14,13,20,20,39,20,53,53,53,0],"gold":298,"neow_bonus":"TRANSFORM_TWO_CARDS","is_prod":false,"is_daily":false,"rewards_skipped":[{"floor":24,"relics":[],"potions":["SteroidPotion"]},{"floor":33,"relics":[],"potions":["SteroidPotion"]},{"floor":38,"relics":[],"potions":["SkillPotion"]},{"floor":42,"relics":[],"potions":["FearPotion"]},{"floor":44,"relics":[],"potions":["SpeedPotion"]},{"floor":46,"relics":[],"potions":["Weak Potion"]}],"chose_seed":false,"campfire_upgraded":9,"win_rate":0,"floor_exit_playtime":[113,116,135,172,223,233,317,323,327,331,464,467,697,766,832,1006,1105,1182,1318,1324,1332,1471,1546,1696,1708,1711,1727,1853,1870,1960,2128,2134,2258,2398,2475,2563,2712,2804,2809,2816,3070,3206,3210,3391,3562,3756,4019,4304,4355,4995,5279,5291,5336,5495],"timestamp":1681946950,"blue_key_relic_skipped_log":{"floor":43,"relicID":"Vajra"},"path_taken":["M","?","?","M","M","R","M","R","T","R","E","?","E","$","R","BOSS","M","M","?","?","M","R","M","R","T","R","M","R","E","M","R","BOSS","M","M","M","M","?","R","E","M","T","?","E","M","M","E","R","BOSS","BOSS","R","$","E"],"build_version":"2022-12-18","purchased_purges":1,"victory":false,"max_hp_per_floor":[71,64,64,64,64,64,64,64,64,64,64,64,64,64,64,64,64,64,64,64,64,64,64,64,64,64,64,64,64,64,64,64,64,64,64,64,64,64,64,64,64,64,64,64,64,64,64,64,64,64,64,64,64,64,64],"relic_stats":{"Inserter":[78],"Gremlin Horn":[11,11],"counters":[29,198],"Golden Idol":195,"CeramicFish":216,"Omamori":2,"Bag of Preparation":[48],"Whetstone":["Rebound","Ball Lightning"],"MawBank":72,"Lizard Tail":32,"Centennial Puzzle":[3],"Ornamental Fan":[188],"Shuriken":[33],"Art of War":[33],"obtain_stats":[{"Inserter":17,"Gremlin Horn":45,"Golden Idol":2,"CeramicFish":13,"SacredBark":34,"Omamori":9,"Bag of Preparation":12,"Whetstone":30,"MawBank":48,"Lizard Tail":26,"Centennial Puzzle":54,"Ornamental Fan":21,"Shuriken":41,"Orrery":14,"Toolbox":54,"Art of War":11,"Cracked Core":0},{"Inserter":7,"Gremlin Horn":23,"Golden Idol":1,"CeramicFish":6,"SacredBark":15,"Omamori":4,"Bag of Preparation":5,"Whetstone":13,"MawBank":26,"Lizard Tail":11,"Centennial Puzzle":28,"Ornamental Fan":9,"Shuriken":20,"Orrery":6,"Toolbox":28,"Art of War":5,"Cracked Core":0},{"Inserter":35,"Gremlin Horn":134,"Golden Idol":3,"CeramicFish":23,"SacredBark":84,"Omamori":12,"Bag of Preparation":15,"Whetstone":66,"MawBank":158,"Lizard Tail":58,"Centennial Puzzle":192,"Ornamental Fan":46,"Shuriken":111,"Orrery":23,"Toolbox":192,"Art of War":15,"Cracked Core":0}]},"card_choices":[{"not_picked":["Stack","Reinforced Body"],"picked":"Coolheaded","floor":1.0},{"not_picked":["Blizzard","Consume"],"picked":"Beam Cell","floor":4.0},{"not_picked":["Go for the Eyes","Streamline"],"picked":"Coolheaded","floor":5.0},{"not_picked":["Genetic Algorithm","Stack"],"picked":"Sweeping Beam","floor":7.0},{"not_picked":["Rainbow","Coolheaded"],"picked":"Genetic Algorithm","floor":11.0},{"not_picked":["Redo","Conserve Battery"],"picked":"Ball Lightning","floor":13.0},{"not_picked":["Fusion","Consume"],"picked":"Chill","floor":14.0},{"not_picked":["Aggregate","Blizzard"],"picked":"Biased Cognition","floor":14.0},{"not_picked":["Thunder Strike","Rebound"],"picked":"Skim","floor":14.0},{"not_picked":["Barrage","Blizzard"],"picked":"Compile Driver","floor":14.0},{"not_picked":["Melter","Sweeping Beam","Streamline"],"picked":"SKIP","floor":14.0},{"not_picked":["Fission","Biased Cognition"],"picked":"Electrodynamics","floor":16.0},{"not_picked":["Darkness","Barrage"],"picked":"BootSequence","floor":18.0},{"not_picked":["Sweeping Beam","Static Discharge"],"picked":"Genetic Algorithm","floor":19.0},{"not_picked":["Beam Cell","Chaos"],"picked":"Go for the Eyes","floor":22.0},{"not_picked":["Rebound","Steam"],"picked":"Chill","floor":24.0},{"not_picked":["Chaos","Reprogram"],"picked":"FTL","floor":28.0},{"not_picked":["Chaos","Capacitor+1"],"picked":"Conserve Battery","floor":30.0},{"not_picked":["Chill","Aggregate"],"picked":"Defragment","floor":31.0},{"not_picked":["Biased Cognition","Amplify"],"picked":"Seek","floor":33.0},{"not_picked":["Cold Snap","Auto Shields","Barrage"],"picked":"SKIP","floor":35.0},{"not_picked":["Ball Lightning","Rebound+1"],"picked":"Turbo","floor":36.0},{"not_picked":["Beam Cell","Blizzard+1"],"picked":"Conserve Battery+1","floor":37.0},{"not_picked":["Defragment","Redo","Rebound+1"],"picked":"SKIP","floor":38.0},{"not_picked":["Loop","Chaos"],"picked":"Self Repair","floor":41.0},{"not_picked":["Genetic Algorithm","Leap+1","Go for the Eyes"],"picked":"SKIP","floor":42.0},{"not_picked":["Cold Snap","Fusion"],"picked":"Meteor Strike","floor":44.0},{"not_picked":["Hologram","Ball Lightning+1"],"picked":"Fission","floor":45.0},{"not_picked":["Beam Cell","Go for the Eyes+1"],"picked":"Barrage","floor":46.0},{"not_picked":["Heatsinks","BootSequence","Chaos"],"picked":"SKIP","floor":47.0},{"not_picked":["Turbo","Conserve Battery"],"picked":"Compile Driver","floor":48.0}],"player_experience":5564978,"relics_obtained":[{"floor":9.0,"key":"Omamori"},{"floor":11.0,"key":"Art of War"},{"floor":12.0,"key":"Bag of Preparation"},{"floor":13.0,"key":"CeramicFish"},{"floor":26.0,"key":"Lizard Tail"},{"floor":30.0,"key":"Whetstone"},{"floor":41.0,"key":"Shuriken"},{"floor":45.0,"key":"Gremlin Horn"},{"floor":48.0,"key":"MawBank"}],"event_choices":[{"damage_healed":0.0,"max_hp_gain":0.0,"max_hp_loss":7.0,"gold_gain":0.0,"event_name":"Golden Idol","player_choice":"Lose Max HP","floor":2.0,"gold_loss":0.0,"damage_taken":0.0,"relics_obtained":["Golden Idol"]},{"damage_healed":0.0,"max_hp_gain":0.0,"max_hp_loss":0.0,"gold_gain":75.0,"event_name":"World of Goop","player_choice":"Gather Gold","floor":3.0,"gold_loss":0.0,"damage_taken":11.0},{"damage_healed":0.0,"max_hp_gain":0.0,"max_hp_loss":0.0,"gold_gain":0.0,"event_name":"Back to Basics","player_choice":"Simplicity","floor":20.0,"gold_loss":0.0,"damage_taken":0.0,"cards_upgraded":["Strike_B","Strike_B","Strike_B","Defend_B","Defend_B","Defend_B"]},{"damage_healed":0.0,"max_hp_gain":0.0,"max_hp_loss":0.0,"gold_gain":0.0,"event_name":"The Mausoleum","player_choice":"Opened","floor":21.0,"gold_loss":0.0,"damage_taken":0.0,"relics_obtained":["Ornamental Fan"],"cards_obtained":["Writhe"]},{"damage_healed":0.0,"max_hp_gain":0.0,"max_hp_loss":0.0,"gold_gain":0.0,"event_name":"The Woman in Blue","player_choice":"Bought 0 Potions","floor":39.0,"gold_loss":0.0,"damage_taken":0.0}],"is_beta":false,"boss_relics":[{"not_picked":["Velvet Choker","Snecko Eye"],"picked":"Inserter"},{"not_picked":["Busted Crown","FrozenCore"],"picked":"SacredBark"}],"items_purged_floors":[54],"is_endless":false,"potions_floor_spawned":[4,5,22,24,33,37,38,42,44,46],"killed_by":"Shield and Spear","ascension_level":20,"potion_discard_per_floor":[[],[],[],[],[],[],[],[],[],[],[],[],[],[],[],[],[],[],[],[],[],[],[],[],[],[],[],[],[],[],[],[],[],[],[],[],["Swift Potion"],[],[],[],[],[],[],[],[],[],[],[],[],[],[],[],[],[],[]]}