{"neow_bonuses_skipped_log":["TRANSFORM_CARD","RANDOM_COMMON_RELIC","BOSS_RELIC"],"neow_costs_skipped_log":["NONE","NONE","NONE"],"potions_obtained_entropic_brew":[[],[],[],[],[],[],[],[],[],[],[],[],[],[],[],[],[],[],[],[],[],[],[],[],[],[],[],[],[],[],[],[],["Explosive Potion","Ancient Potion"],[],[],[],[],[],[],[],[],[],[],[],[],[],[],[],[],[],[],[],[],[],[],[]],"gold_per_floor":[110,126,136,136,147,147,173,190,190,209,134,134,197,227,227,301,301,320,320,337,337,17,17,51,51,51,51,51,70,70,70,70,145,145,160,177,192,212,229,255,255,255,255,289,304,134,134,166,166,166,166,166,166,13,46,46],"floor_reached":56,"playtime":13738,"items_purged":["Defend_B"],"score":1930,"play_id":"8e8aac52-6df1-4a01-9103-c96cc5651482","local_time":"20230427212632","score_breakdown":["Floors Climbed (56): 280","Enemies Slain (15): 30","Exordium Elites Killed (2): 20","City Elites Killed (1): 20","Beyond Elites Killed (3): 90","Bosses Slain (4): 500","Champion (1): 25","Ascension (20): 965"],"is_ascension_mode":true,"potions_obtained_alchemize":[[],[],[],[],[],[],[],[],[],[],[],[],[],[],[],[],[],[],[],[],[],[],[],[],[],[],[],[],[],[],[],[],[],[],[],[],[],[],[],[],[],[],[],[],[],[],[],[],[],[],[],[],[],[],[],[]],"campfire_choices":[{"floor":6,"key":"REST"},{"floor":12,"key":"REST"},{"data":"Electrodynamics","floor":15,"key":"SMITH"},{"data":"Seek","floor":23,"key":"SMITH"},{"data":"Coolheaded","floor":25,"key":"SMITH"},{"data":"Go for the Eyes","floor":28,"key":"SMITH"},{"floor":32,"key":"REST"},{"floor":41,"key":"REST"},{"floor":47,"key":"RECALL"},{"floor":49,"key":"REST"},{"data":"Hologram","floor":53,"key":"SMITH"}],"lesson_learned_per_floor":[[],[],[],[],[],[],[],[],[],[],[],[],[],[],[],[],[],[],[],[],[],[],[],[],[],[],[],[],[],[],[],[],[],[],[],[],[],[],[],[],[],[],[],[],[],[],[],[],[],[],[],[],[],[],[],[]],"neow_cost":"TEN_PERCENT_HP_LOSS","improvable_cards":{},"seed_source_timestamp":642863692205,"shop_contents":[{"floor":22,"relics":["Bird Faced Urn","Akabeko","Shuriken"],"cards":["Meteor Strike","Barrage","Auto Shields","Leap","Static Discharge","Madness","The Bomb"],"potions":["SmokeBomb","BlessingOfTheForge","DuplicationPotion"]},{"floor":46,"relics":["Pantograph","War Paint","HandDrill"],"cards":["Scrape","Compile Driver","Redo","Stack","Storm+1","Swift Strike","Violence"],"potions":["Fire Potion","Fire Potion","Fruit Juice"]},{"floor":54,"relics":["Strawberry","Eternal Feather","Lee\u0027s Waffle"],"cards":["Go for the Eyes","Compile Driver","Stack","Redo","Static Discharge+1","Enlightenment","Sadistic Nature+1"],"potions":["FearPotion","Fire Potion","Strength Potion"]}],"circlet_count":0,"master_deck":["AscendersBane","Strike_B","Strike_B","Defend_B+1","Defend_B","Zap","Dualcast","Static Discharge+1","Glacier","Streamline","Cold Snap","Glacier","Go for the Eyes+1","Coolheaded+1","White Noise","Electrodynamics+1","Seek+1","White Noise+1","Skim","Beam Cell+1","Steam","Writhe","Buffer+1","Heatsinks+1","Conserve Battery+1","Double Energy+1","Loop+1","Chill+1","Doom and Gloom","Self Repair+1","Hologram+1","Discovery","Turbo","Defragment+1"],"potion_use_per_floor":[[],[],[],[],[],[],["FocusPotion"],[],[],[],[],[],[],[],[],["PotionOfCapacity"],[],[],[],["PowerPotion"],[],[],[],["Fire Potion"],[],[],[],[],[],[],[],[],["FearPotion","EntropicBrew"],[],[],[],["Explosive Potion"],["Weak Potion"],[],[],[],[],[],[],[],[],[],["Dexterity Potion"],[],[],["SpeedPotion"],[],[],[],["PowerPotion"],["Weak Potion","SneckoOil"]],"relics":["Cracked Core","Regal Pillow","Matryoshka","Nunchaku","WingedGreaves","SlaversCollar","The Courier","Kunai","ClockworkSouvenir","Toy Ornithopter","Lizard Tail","Mercury Hourglass","Frozen Egg 2","Smiling Mask","SacredBark","Du-Vu Doll","Singing Bowl","Darkstone Periapt","Incense Burner"],"potions_floor_usage":[7,16,20,24,33,33,37,38,48,51,55,56,56],"damage_taken":[{"damage":2,"enemies":"Jaw Worm","floor":1,"turns":3},{"damage":11,"enemies":"Small Slimes","floor":2,"turns":3},{"damage":0,"enemies":"2 Louse","floor":3,"turns":4},{"damage":9,"enemies":"Red Slaver","floor":5,"turns":4},{"damage":17,"enemies":"Gremlin Nob","floor":7,"turns":4},{"damage":17,"enemies":"Exordium Thugs","floor":8,"turns":6},{"damage":0,"enemies":"Blue Slaver","floor":10,"turns":5},{"damage":11,"enemies":"3 Sentries","floor":13,"turns":6},{"damage":11,"enemies":"3 Sentries","floor":14,"turns":13},{"damage":13,"enemies":"Hexaghost","floor":16,"turns":12},{"damage":12,"enemies":"Spheric Guardian","floor":18,"turns":6},{"damage":0,"enemies":"2 Thieves","floor":20,"turns":3},{"damage":10,"enemies":"Slavers","floor":24,"turns":4},{"damage":2,"enemies":"Snake Plant","floor":29,"turns":6},{"damage":7,"enemies":"Collector","floor":33,"turns":8},{"damage":22,"enemies":"3 Darklings","floor":35,"turns":6},{"damage":0,"enemies":"Orb Walker","floor":36,"turns":4},{"damage":9,"enemies":"Sphere and 2 Shapes","floor":37,"turns":6},{"damage":32,"enemies":"Transient","floor":38,"turns":6},{"damage":23,"enemies":"4 Shapes","floor":39,"turns":2},{"damage":0,"enemies":"Reptomancer","floor":40,"turns":9},{"damage":9,"enemies":"Nemesis","floor":44,"turns":9},{"damage":13,"enemies":"Maw","floor":45,"turns":9},{"damage":44,"enemies":"Giant Head","floor":48,"turns":10},{"damage":33,"enemies":"Donu and Deca","floor":50,"turns":18},{"damage":13,"enemies":"Time Eater","floor":51,"turns":18},{"damage":56,"enemies":"Shield and Spear","floor":55,"turns":7},{"damage":29,"enemies":"The Heart","floor":56,"turns":14}],"green_key_taken_log":40,"seed_played":"-3495739309813961021","neow_bonus_log":{"cardsObtained":[],"cardsUpgraded":[],"cardsRemoved":["Strike_B","Strike_B"],"cardsTransformed":[],"relicsObtained":[],"maxHpGained":0,"goldGained":0,"damageTaken":0,"goldLost":0,"maxHpLost":7},"potions_obtained":[{"floor":3,"key":"PotionOfCapacity"},{"floor":5,"key":"FocusPotion"},{"floor":10,"key":"PowerPotion"},{"floor":16,"key":"Energy Potion"},{"floor":19,"key":"EntropicBrew"},{"floor":20,"key":"Fire Potion"},{"floor":24,"key":"FearPotion"},{"floor":36,"key":"Weak Potion"},{"floor":44,"key":"FearPotion"},{"floor":48,"key":"SpeedPotion"},{"floor":55,"key":"SneckoOil"}],"is_trial":false,"path_per_floor":["M","M","M","?","M","R","E","M","T","M","?","R","?","E","R","B",null,"M","?","M","T","$","R","E","R","T","?","R","M","?","?","R","B",null,"M","M","M","M","M","E","R","?","T","E","M","$","R","E","R","B","B",null,"R","$","E","B"],"character_chosen":"DEFECT","basemod:card_modifiers":[null,null,null,null,null,null,null,null,null,null,null,null,null,null,null,null,null,null,null,null,null,null,null,null,null,null,null,null,null,null,null,null,null,null],"items_purchased":["ClockworkSouvenir","Toy Ornithopter","Hologram","Discovery","Dexterity Potion","Defragment+1","PowerPotion","Weak Potion"],"campfire_rested":5,"item_purchase_floors":[22,22,46,46,46,54,54,54],"current_hp_per_floor":[62,51,51,32,23,42,25,8,8,8,8,42,31,20,20,7,50,38,38,38,38,38,38,33,33,33,33,33,31,14,14,49,52,65,43,43,39,12,28,28,63,63,63,54,41,41,41,12,47,24,26,58,58,58,19,0],"gold":46,"neow_bonus":"REMOVE_TWO","is_prod":false,"is_daily":false,"rewards_skipped":[{"floor":19,"relics":[],"potions":["SteroidPotion"]}],"chose_seed":false,"campfire_upgraded":5,"win_rate":0,"floor_exit_playtime":[215,261,339,348,422,427,555,794,806,879,983,988,1317,1489,1549,1922,2066,2229,2288,2388,2430,2523,2541,2932,2942,2953,2975,2986,3148,3170,3184,3189,3436,3629,4199,4502,4653,5095,5263,5642,5647,5667,5713,5964,6352,6529,6580,8221,8241,8918,10228,10239,10305,10468,11298],"timestamp":1682645192,"blue_key_relic_skipped_log":{"floor":43,"relicID":"Old Coin"},"path_taken":["M","M","M","?","M","R","E","M","T","M","?","R","?","E","R","BOSS","M","?","?","?","$","R","E","R","T","?","R","M","?","?","R","BOSS","M","M","M","M","M","E","R","?","T","E","M","$","R","E","R","BOSS","BOSS","R","$","E","BOSS"],"build_version":"2022-12-18","purchased_purges":1,"victory":false,"max_hp_per_floor":[64,64,64,64,64,64,64,64,64,64,64,64,64,64,64,64,64,64,64,64,64,64,64,64,64,64,64,64,64,69,69,69,69,69,69,69,69,69,69,69,69,69,69,69,69,69,69,69,69,69,69,69,69,69,71,71],"relic_stats":{"Darkstone Periapt":0,"Regal Pillow":60,"Singing Bowl":2,"counters":[28,204],"The Courier":162,"Smiling Mask":0,"Mercury Hourglass":[418],"Nunchaku":[25],"Lizard Tail":34,"Matryoshka":2,"WingedGreaves":3,"Kunai":[35],"obtain_stats":[{"Darkstone Periapt":48,"Regal Pillow":7,"Singing Bowl":44,"SacredBark":34,"The Courier":21,"Incense Burner":55,"Frozen Egg 2":26,"Smiling Mask":31,"ClockworkSouvenir":22,"Mercury Hourglass":26,"Du-Vu Doll":40,"SlaversCollar":17,"Nunchaku":13,"Lizard Tail":24,"Matryoshka":9,"WingedGreaves":14,"Kunai":21,"Cracked Core":0,"Toy Ornithopter":22},{"Darkstone Periapt":24,"Regal Pillow":5,"Singing Bowl":22,"SacredBark":15,"The Courier":12,"Incense Burner":27,"Frozen Egg 2":13,"Smiling Mask":14,"ClockworkSouvenir":12,"Mercury Hourglass":13,"Du-Vu Doll":21,"SlaversCollar":10,"Nunchaku":8,"Lizard Tail":13,"Matryoshka":6,"WingedGreaves":9,"Kunai":12,"Cracked Core":0,"Toy Ornithopter":12},{"Darkstone Periapt":148,"Regal Pillow":18,"Singing Bowl":129,"SacredBark":87,"The Courier":69,"Incense Burner":190,"Frozen Egg 2":73,"Smiling Mask":79,"ClockworkSouvenir":69,"Mercury Hourglass":73,"Du-Vu Doll":120,"SlaversCollar":60,"Nunchaku":35,"Lizard Tail":73,"Matryoshka":24,"WingedGreaves":48,"Kunai":69,"Cracked Core":0,"Toy Ornithopter":69}],"Toy Ornithopter":50},"card_choices":[{"not_picked":["Stack","Fusion"],"picked":"Static Discharge","floor":1},{"not_picked":["Steam","Gash"],"picked":"Glacier","floor":2},{"not_picked":["Amplify","Fusion"],"picked":"Streamline","floor":3},{"not_picked":["Hologram","Blizzard"],"picked":"Cold Snap","floor":5},{"not_picked":["Streamline","Chaos"],"picked":"Glacier","floor":7},{"not_picked":["Melter","Thunder Strike"],"picked":"Go for the Eyes","floor":8},{"not_picked":["Go for the Eyes","Reinforced Body"],"picked":"Coolheaded","floor":10},{"not_picked":["Rebound","Gash"],"picked":"White Noise","floor":13},{"not_picked":["Chaos","Aggregate"],"picked":"Electrodynamics","floor":14},{"not_picked":["Fission","Machine Learning"],"picked":"Seek","floor":16},{"not_picked":["Streamline","Glacier"],"picked":"White Noise+1","floor":18},{"not_picked":["Conserve Battery","Ball Lightning"],"picked":"Skim","floor":20},{"not_picked":["Storm","Conserve Battery"],"picked":"Beam Cell+1","floor":24},{"not_picked":["Scrape","Gash"],"picked":"Steam","floor":29},{"not_picked":["Machine Learning+1","Multi-Cast"],"picked":"Buffer+1","floor":33},{"not_picked":["Chaos","Coolheaded","Streamline"],"picked":"SKIP","floor":35},{"not_picked":["Reinforced Body","Hello World+1"],"picked":"Heatsinks+1","floor":36},{"not_picked":["Beam Cell","Stack"],"picked":"Conserve Battery+1","floor":37},{"not_picked":["Coolheaded","Genetic Algorithm"],"picked":"Double Energy+1","floor":38},{"not_picked":["Stack+1","Double Energy"],"picked":"Loop+1","floor":39},{"not_picked":["Glacier+1","Stack"],"picked":"Chill+1","floor":40},{"not_picked":["Heatsinks+1","Rebound"],"picked":"Doom and Gloom","floor":44},{"not_picked":["Streamline+1","Coolheaded"],"picked":"Self Repair+1","floor":45},{"not_picked":["Redo","Steam+1"],"picked":"Turbo","floor":48},{"not_picked":["Sweeping Beam","Redo","Hyperbeam"],"picked":"Singing Bowl","floor":55}],"player_experience":5612400,"relics_obtained":[{"floor":7,"key":"Regal Pillow"},{"floor":9,"key":"Matryoshka"},{"floor":13,"key":"Nunchaku"},{"floor":14,"key":"WingedGreaves"},{"floor":21,"key":"The Courier"},{"floor":21,"key":"Kunai"},{"floor":24,"key":"Lizard Tail"},{"floor":26,"key":"Mercury Hourglass"},{"floor":26,"key":"Frozen Egg 2"},{"floor":40,"key":"Du-Vu Doll"},{"floor":44,"key":"Singing Bowl"},{"floor":48,"key":"Darkstone Periapt"},{"floor":55,"key":"Incense Burner"}],"event_choices":[{"damage_healed":0,"gold_gain":0,"player_choice":"Entered Light","damage_taken":19,"max_hp_gain":0,"max_hp_loss":0,"event_name":"Shining Light","floor":4,"gold_loss":0,"cards_upgraded":["Defend_B","Static Discharge"]},{"cards_removed":["Defend_B"],"damage_healed":0,"gold_gain":0,"player_choice":"Card Removal","damage_taken":0,"max_hp_gain":0,"max_hp_loss":0,"event_name":"The Cleric","floor":11,"gold_loss":75},{"damage_healed":0,"gold_gain":30,"player_choice":"Searched \u00272\u0027 times","damage_taken":0,"max_hp_gain":0,"max_hp_loss":0,"event_name":"Dead Adventurer","floor":13,"gold_loss":0},{"damage_healed":0,"gold_gain":0,"player_choice":"Got Potions","damage_taken":0,"max_hp_gain":0,"max_hp_loss":0,"event_name":"Lab","floor":19,"gold_loss":0},{"damage_healed":0,"gold_gain":0,"player_choice":"Ignored","damage_taken":0,"max_hp_gain":0,"max_hp_loss":0,"event_name":"Vampires","floor":27,"gold_loss":0},{"damage_healed":0,"gold_gain":0,"player_choice":"Shed Blood","damage_taken":22,"max_hp_gain":5,"max_hp_loss":0,"event_name":"Forgotten Altar","floor":30,"gold_loss":0},{"damage_healed":0,"gold_gain":0,"player_choice":"Opened","damage_taken":0,"relics_obtained":["Smiling Mask"],"max_hp_gain":0,"max_hp_loss":0,"event_name":"The Mausoleum","floor":31,"gold_loss":0,"cards_obtained":["Writhe"]},{"damage_healed":0,"gold_gain":0,"player_choice":"Ignored","damage_taken":0,"max_hp_gain":0,"max_hp_loss":0,"event_name":"Tomb of Lord Red Mask","floor":42,"gold_loss":0}],"is_beta":false,"boss_relics":[{"not_picked":["Inserter","Busted Crown"],"picked":"SlaversCollar"},{"not_picked":["Runic Dome","Tiny House"],"picked":"SacredBark"}],"items_purged_floors":[22],"is_endless":false,"potions_floor_spawned":[3,5,10,16,20,24,36,44,48,55],"killed_by":"The Heart","ascension_level":20,"potion_discard_per_floor":[[],[],[],[],[],[],[],[],[],[],[],[],[],[],[],[],[],[],["Energy Potion"],[],[],[],[],[],[],[],[],[],[],[],[],[],[],[],[],["Ancient Potion"],[],[],[],[],[],[],[],[],[],[],[],[],[],[],[],[],[],["FearPotion"],[],[]]}