{"neow_bonuses_skipped_log":["THREE_ENEMY_KILL","TWENTY_PERCENT_HP_BONUS","BOSS_RELIC"],"neow_costs_skipped_log":["NONE","NO_GOLD","NONE"],"potions_obtained_entropic_brew":[[],[],[],[],[],[],[],[],[],[],[],[],[],[],[],[],[],[],[],[],[],[],[],[],[],[],[],["EntropicBrew","BlessingOfTheForge","Dexterity Potion","FairyPotion","DistilledChaos"],[],[],[],[],[],[],[],[],[],[],[],[],[],[],[],[],[],[],[],[],[],[],[],[],[],[],[],[],[]],"gold_per_floor":[117,392,41,56,69,101,101,133,158,185,7,33,33,46,46,124,124,134,147,159,30,43,43,70,20,20,53,53,82,94,128,128,205,205,221,238,49,69,42,69,69,69,124,139,89,89,104,116,116,116,116,116,116,25,51,51],"floor_reached":57,"playtime":8448,"items_purged":["Regret","Defend_B","Strike_B","Regret"],"score":2980,"play_id":"0dfdfb66-849d-44f6-9708-b0c388eb7d10","local_time":"20230422172205","score_breakdown":["Floors Climbed (57): 285","Enemies Slain (15): 30","Exordium Elites Killed (4): 40","City Elites Killed (4): 80","Beyond Elites Killed (1): 30","Bosses Slain (5): 750","Money Money (1017): 25","Librarian: 25","Champion (2): 50","Perfect (1): 50","Overkill: 25","Ascension (20): 1340","Heartbreaker: 250"],"is_ascension_mode":true,"potions_obtained_alchemize":[[],[],[],[],[],[],[],[],[],[],[],[],[],[],[],[],[],[],[],[],[],[],[],[],[],[],[],[],[],[],[],[],[],[],[],[],[],[],[],[],[],[],[],[],[],[],[],[],[],[],[],[],[],[],[],[],[]],"campfire_choices":[{"data":"Defragment","floor":7,"key":"SMITH"},{"data":"Loop","floor":13,"key":"SMITH"},{"data":"Defragment","floor":15,"key":"SMITH"},{"floor":23,"key":"RECALL"},{"floor":32,"key":"REST"},{"floor":49,"key":"REST"},{"floor":53,"key":"REST"}],"lesson_learned_per_floor":[[],[],[],[],[],[],[],[],[],[],[],[],[],[],[],[],[],[],[],[],[],[],[],[],[],[],[],[],[],[],[],[],[],[],[],[],[],[],[],[],[],[],[],[],[],[],[],[],[],[],[],[],[],[],[],[],[]],"neow_cost":"NONE","improvable_cards":{},"seed_source_timestamp":25395004360985,"shop_contents":[{"floor":3,"relics":["War Paint"],"cards":["Rebound","Auto Shields","Reboot","Discovery","Panache"],"potions":["SkillPotion","PowerPotion","Block Potion"]},{"floor":11,"relics":["Vajra","Meat on the Bone"],"cards":["Streamline","Blizzard","Redo","Darkness","Thinking Ahead"],"potions":["Ancient Potion","LiquidBronze","SpeedPotion"]},{"floor":21,"relics":["Whetstone","Bottled Flame"],"cards":["Barrage","Go for the Eyes","Hologram","Darkness","Defragment","Transmutation"],"potions":["Swift Potion","Weak Potion","LiquidMemories"]},{"floor":25,"relics":["Orichalcum","Bottled Lightning","Lee\u0027s Waffle"],"cards":["Rip and Tear","Sweeping Beam","BootSequence","Fusion","Heatsinks","Impatience","Transmutation"],"potions":["Swift Potion","FearPotion","LiquidBronze"]},{"floor":37,"relics":["CeramicFish","Medical Kit"],"cards":["Cold Snap","Lockon","Steam Power","Redo","Heatsinks","Dramatic Entrance","The Bomb"],"potions":["FearPotion","Regen Potion","PowerPotion"]},{"floor":39,"relics":["Ancient Tea Set","Letter Opener","Toolbox"],"cards":["Gash","Barrage","Leap","Static Discharge","Forethought","Magnetism"],"potions":["EssenceOfSteel","Strength Potion","FearPotion"]},{"floor":45,"relics":["Toxic Egg 2","Blood Vial","TheAbacus"],"cards":["Rip and Tear","Sunder","Chaos","Multi-Cast","Hello World","Purity","Metamorphosis"],"potions":["Ancient Potion","SpeedPotion","Dexterity Potion"]},{"floor":54,"relics":["Turnip","Shuriken"],"cards":["Beam Cell","Gash","Steam Power","Static Discharge","Good Instincts","Master of Strategy"],"potions":["FocusPotion","DuplicationPotion","AttackPotion"]}],"circlet_count":0,"master_deck":["AscendersBane","Strike_B","Strike_B","Defend_B","Defend_B","Defend_B","Zap","Dualcast","Swift Strike","Ball Lightning","Defragment+1","Lockon","Hologram","Sweeping Beam","Glacier","Core Surge","Glacier","Defragment+1","Blind","Loop+1","Compile Driver","Echo Form","Redo","Hologram+1","Dramatic Entrance","Aggregate","Conserve Battery","Steam+1","Reboot","Darkness+1","Hologram","Machine Learning","Recycle+1","Coolheaded","Conserve Battery+1","Coolheaded","Stack+1","Coolheaded","Redo"],"potion_use_per_floor":[[],[],[],[],[],["Weak Potion"],[],["Strength Potion"],[],["Explosive Potion"],[],[],[],[],[],[],[],[],[],[],[],[],[],["Swift Potion"],[],[],[],["EntropicBrew","EntropicBrew","EntropicBrew"],["DistilledChaos"],[],[],[],[],[],[],[],[],[],[],[],[],[],[],[],[],[],[],[],[],[],[],[],[],[],[],["GamblersBrew","FocusPotion","Weak Potion"],[]],"relics":["Cracked Core","Membership Card","MealTicket","Smiling Mask","Oddly Smooth Stone","Nunchaku","Symbiotic Virus","Frozen Eye","Strawberry","Fusion Hammer","Sling","Juzu Bracelet","Ornamental Fan","Centennial Puzzle","Potion Belt","Bronze Scales","Cursed Key","HornCleat","Thread and Needle","Runic Capacitor","InkBottle"],"potions_floor_usage":[6,8,10,24,28,28,28,29,56,56,56],"damage_taken":[{"damage":1,"enemies":"2 Louse","floor":1,"turns":3},{"damage":0,"enemies":"Cultist","floor":4,"turns":2},{"damage":0,"enemies":"Small Slimes","floor":5,"turns":3},{"damage":10,"enemies":"Lagavulin","floor":6,"turns":5},{"damage":10,"enemies":"Gremlin Nob","floor":8,"turns":3},{"damage":8,"enemies":"3 Sentries","floor":10,"turns":6},{"damage":0,"enemies":"Lagavulin","floor":12,"turns":7},{"damage":13,"enemies":"Gremlin Gang","floor":14,"turns":6},{"damage":0,"enemies":"The Guardian","floor":16,"turns":11},{"damage":0,"enemies":"Spheric Guardian","floor":18,"turns":3},{"damage":0,"enemies":"Chosen","floor":19,"turns":3},{"damage":4,"enemies":"Snecko","floor":20,"turns":5},{"damage":0,"enemies":"Sentry and Sphere","floor":22,"turns":7},{"damage":8,"enemies":"Slavers","floor":24,"turns":4},{"damage":17,"enemies":"Book of Stabbing","floor":27,"turns":4},{"damage":0,"enemies":"Gremlin Leader","floor":29,"turns":6},{"damage":15,"enemies":"Chosen and Byrds","floor":30,"turns":4},{"damage":25,"enemies":"Book of Stabbing","floor":31,"turns":6},{"damage":20,"enemies":"Automaton","floor":33,"turns":9},{"damage":11,"enemies":"3 Shapes","floor":35,"turns":6},{"damage":0,"enemies":"Orb Walker","floor":36,"turns":3},{"damage":8,"enemies":"Writhing Mass","floor":38,"turns":7},{"damage":1,"enemies":"Nemesis","floor":40,"turns":7},{"damage":17,"enemies":"Sphere and 2 Shapes","floor":44,"turns":5},{"damage":14,"enemies":"Transient","floor":47,"turns":6},{"damage":2,"enemies":"Maw","floor":48,"turns":9},{"damage":2,"enemies":"Time Eater","floor":50,"turns":17},{"damage":20,"enemies":"Donu and Deca","floor":51,"turns":14},{"damage":8,"enemies":"Shield and Spear","floor":55,"turns":12},{"damage":32,"enemies":"The Heart","floor":56,"turns":8}],"green_key_taken_log":8,"seed_played":"-7594753327120967857","neow_bonus_log":{"cardsObtained":[],"cardsUpgraded":[],"cardsRemoved":[],"cardsTransformed":[],"relicsObtained":[],"maxHpGained":0,"goldGained":0,"damageTaken":0,"goldLost":0,"maxHpLost":0},"potions_obtained":[{"floor":1,"key":"Weak Potion"},{"floor":6,"key":"Strength Potion"},{"floor":8,"key":"Explosive Potion"},{"floor":10,"key":"PowerPotion"},{"floor":12,"key":"Swift Potion"},{"floor":27,"key":"Energy Potion"},{"floor":28,"key":"EntropicBrew"},{"floor":28,"key":"EntropicBrew"},{"floor":29,"key":"FocusPotion"},{"floor":31,"key":"GamblersBrew"},{"floor":33,"key":"ColorlessPotion"},{"floor":47,"key":"Weak Potion"}],"is_trial":false,"path_per_floor":["M","?","$","M","M","E","R","E","T","E","$","E","R","M","R","B",null,"M","M","M","$","M","R","E","$","T","E","?","E","M","E","R","B",null,"M","M","$","M","$","E","?","?","T","M","$","T","M","M","R","B","B",null,"R","$","E","B",null],"character_chosen":"DEFECT","basemod:card_modifiers":[null,null,null,null,null,null,null,null,null,null,null,null,null,null,null,null,null,null,null,null,null,null,null,null,null,null,null,null,null,null,null,null,null,null,null,null,null,null,null],"items_purchased":["Membership Card","Defragment","MealTicket","Lockon","Frozen Eye","Defragment","Blind","Sling","Dramatic Entrance","HornCleat","Coolheaded","Runic Capacitor","Coolheaded"],"campfire_rested":3,"item_purchase_floors":[3,3,3,3,11,11,11,21,21,37,39,54,54],"current_hp_per_floor":[63,63,63,63,63,53,53,43,43,35,50,57,57,44,44,44,70,70,70,66,78,78,78,70,78,78,61,61,61,46,21,44,24,65,54,54,69,61,76,75,75,75,75,58,73,73,59,57,78,76,56,73,78,78,70,38],"gold":51,"neow_bonus":"RANDOM_COLORLESS","is_prod":false,"is_daily":false,"rewards_skipped":[{"floor":16,"relics":[],"potions":["SpeedPotion"]},{"floor":22,"relics":[],"potions":["AttackPotion"]},{"floor":35,"relics":[],"potions":["AttackPotion"]},{"floor":36,"relics":[],"potions":["SkillPotion"]},{"floor":44,"relics":[],"potions":["AttackPotion"]},{"floor":55,"relics":[],"potions":["Explosive Potion"]}],"chose_seed":false,"campfire_upgraded":3,"win_rate":0,"floor_exit_playtime":[412,440,550,576,628,710,862,1006,1020,1151,1178,1287,1295,1536,1545,1874,1933,2287,2355,2485,2594,2732,2739,2985,3070,3073,3274,3436,3842,4154,4406,4417,5020,5275,5420,5483,5527,5771,5829,5982,6006,6012,6023,6152,6185,6192,6343,6569,6572,6901,7197,7208,7212,7277,8114,8448],"timestamp":1682198525,"blue_key_relic_skipped_log":{"floor":43,"relicID":"PreservedInsect"},"path_taken":["M","?","$","M","M","E","R","E","T","E","$","E","R","M","R","BOSS","M","M","M","$","M","R","E","?","T","E","?","E","M","E","R","BOSS","M","M","$","M","?","E","?","?","T","M","$","?","M","M","R","BOSS","BOSS","R","$","E","BOSS"],"build_version":"2022-12-18","purchased_purges":4,"victory":true,"max_hp_per_floor":[71,71,71,71,71,71,71,71,71,71,71,78,78,78,78,78,78,78,78,78,78,78,78,78,78,78,78,78,78,78,78,78,78,78,78,78,78,78,78,78,78,78,78,78,78,78,78,78,78,78,78,78,78,78,78,78],"relic_stats":{"counters":[30,191],"Juzu Bracelet":1,"Smiling Mask":38,"Cursed Key":1,"Frozen Eye":1332.6642,"Nunchaku":[28],"Centennial Puzzle":[39],"Ornamental Fan":[128],"Bronze Scales":[415],"MealTicket":80,"Membership Card":928,"obtain_stats":[{"Potion Belt":29,"Oddly Smooth Stone":8,"Thread and Needle":40,"Juzu Bracelet":24,"Runic Capacitor":54,"Smiling Mask":6,"Sling":21,"Cursed Key":34,"Frozen Eye":11,"Nunchaku":9,"Centennial Puzzle":27,"HornCleat":37,"Ornamental Fan":26,"Strawberry":12,"Bronze Scales":31,"MealTicket":3,"Fusion Hammer":17,"Membership Card":3,"Cracked Core":0,"Symbiotic Virus":10,"InkBottle":55},{"Potion Belt":16,"Oddly Smooth Stone":5,"Thread and Needle":23,"Juzu Bracelet":14,"Runic Capacitor":28,"Smiling Mask":4,"Sling":12,"Cursed Key":19,"Frozen Eye":6,"Nunchaku":5,"Centennial Puzzle":15,"HornCleat":21,"Ornamental Fan":14,"Strawberry":7,"Bronze Scales":18,"MealTicket":1,"Fusion Hammer":9,"Membership Card":1,"Cracked Core":0,"Symbiotic Virus":6,"InkBottle":29},{"Potion Belt":78,"Oddly Smooth Stone":16,"Thread and Needle":120,"Juzu Bracelet":68,"Runic Capacitor":171,"Smiling Mask":13,"Sling":57,"Cursed Key":97,"Frozen Eye":22,"Nunchaku":16,"Centennial Puzzle":72,"HornCleat":106,"Ornamental Fan":68,"Strawberry":29,"Bronze Scales":88,"MealTicket":3,"Fusion Hammer":46,"Membership Card":3,"Cracked Core":0,"Symbiotic Virus":22,"InkBottle":183}],"InkBottle":[4]},"card_choices":[{"not_picked":["Impatience","Forethought"],"picked":"Swift Strike","floor":0},{"not_picked":["Steam","Static Discharge"],"picked":"Ball Lightning","floor":1},{"not_picked":["Heatsinks","Consume"],"picked":"Hologram","floor":4},{"not_picked":["Recycle","Go for the Eyes"],"picked":"Sweeping Beam","floor":5},{"not_picked":["Compile Driver","Go for the Eyes"],"picked":"Glacier","floor":6},{"not_picked":["Leap","Sunder"],"picked":"Core Surge","floor":8},{"not_picked":["Steam Power","Tempest"],"picked":"Glacier","floor":10},{"not_picked":["White Noise","Cold Snap"],"picked":"Loop","floor":12},{"not_picked":["Barrage","Hello World"],"picked":"Compile Driver","floor":14},{"not_picked":["Multi-Cast","Biased Cognition"],"picked":"Echo Form","floor":16},{"not_picked":["Go for the Eyes","Beam Cell"],"picked":"Redo","floor":18},{"not_picked":["Leap","Redo","Tempest"],"picked":"SKIP","floor":19},{"not_picked":["Streamline","Rebound"],"picked":"Hologram+1","floor":20},{"not_picked":["Auto Shields","Glacier"],"picked":"Aggregate","floor":22},{"not_picked":["Core Surge","Coolheaded"],"picked":"Conserve Battery","floor":24},{"not_picked":["Beam Cell","Tempest"],"picked":"Steam+1","floor":27},{"not_picked":["Gash","Redo"],"picked":"Reboot","floor":29},{"not_picked":["Go for the Eyes","Chaos"],"picked":"Darkness+1","floor":30},{"not_picked":["Steam","Beam Cell"],"picked":"Hologram","floor":31},{"not_picked":["Buffer","Amplify"],"picked":"Machine Learning","floor":33},{"not_picked":["Lockon","Rebound","Leap+1"],"picked":"SKIP","floor":36},{"not_picked":["Static Discharge","Streamline"],"picked":"Recycle+1","floor":38},{"not_picked":["Sunder","Steam"],"picked":"Conserve Battery+1","floor":40},{"not_picked":["Sweeping Beam","Storm"],"picked":"Coolheaded","floor":44},{"not_picked":["Auto Shields+1","Sweeping Beam"],"picked":"Stack+1","floor":47},{"not_picked":["Force Field+1","Aggregate","Reboot"],"picked":"SKIP","floor":48},{"not_picked":["Recycle","Cold Snap"],"picked":"Redo","floor":55}],"player_experience":5591147,"relics_obtained":[{"floor":6,"key":"Smiling Mask"},{"floor":8,"key":"Oddly Smooth Stone"},{"floor":9,"key":"Nunchaku"},{"floor":10,"key":"Symbiotic Virus"},{"floor":12,"key":"Strawberry"},{"floor":24,"key":"Juzu Bracelet"},{"floor":26,"key":"Ornamental Fan"},{"floor":27,"key":"Centennial Puzzle"},{"floor":29,"key":"Potion Belt"},{"floor":31,"key":"Bronze Scales"},{"floor":40,"key":"Thread and Needle"},{"floor":55,"key":"InkBottle"}],"event_choices":[{"damage_healed":0,"gold_gain":275,"player_choice":"Desecrate","damage_taken":0,"max_hp_gain":0,"max_hp_loss":0,"event_name":"Golden Shrine","floor":2,"gold_loss":0,"cards_obtained":["Regret"]},{"damage_healed":0,"gold_gain":0,"player_choice":"Got Potions","damage_taken":0,"max_hp_gain":0,"max_hp_loss":0,"event_name":"Lab","floor":28,"gold_loss":0},{"cards_removed":["Strike_B"],"damage_healed":0,"gold_gain":0,"player_choice":"Purged","damage_taken":0,"max_hp_gain":0,"max_hp_loss":0,"event_name":"Purifier","floor":41,"gold_loss":0},{"damage_healed":0,"gold_gain":0,"player_choice":"Ignored","damage_taken":0,"max_hp_gain":0,"max_hp_loss":0,"event_name":"SecretPortal","floor":42,"gold_loss":0}],"is_beta":false,"boss_relics":[{"not_picked":["SacredBark","Calling Bell"],"picked":"Fusion Hammer"},{"not_picked":["FrozenCore","Tiny House"],"picked":"Cursed Key"}],"items_purged_floors":[3,25,37,45],"is_endless":false,"potions_floor_spawned":[1,6,8,10,12,16,22,27,29,31,33,35,36,44,47,55],"ascension_level":20,"potion_discard_per_floor":[[],[],[],[],[],[],[],[],[],[],[],[],[],[],[],[],[],[],[],[],[],[],[],[],[],[],[],["PowerPotion","Energy Potion","BlessingOfTheForge","Dexterity Potion"],[],[],[],[],[],[],[],[],[],[],[],[],[],[],[],[],[],[],["ColorlessPotion"],[],[],[],[],[],[],[],[],[],[]]}