{"neow_bonuses_skipped_log":["THREE_CARDS","TEN_PERCENT_HP_BONUS","BOSS_RELIC"],"potions_obtained_entropic_brew":[[],[],[],[],[],[],[],[],[],[],[],[],[],[],[],[],[],[],[],[],[],[],[],[],[],[],[],[],[],[],[],[],[]],"neow_costs_skipped_log":["NONE","NONE","NONE"],"gold_per_floor":[118,132,132,152,172,172,182,182,182,77,109,109,137,137,137,213,213,228,1,1,12,12,39,54,54,54,54,80,98,98,127,127,127],"floor_reached":33,"playtime":2093,"items_purged":["Defend_B"],"score":676,"play_id":"af8c197a-6037-409a-8bf4-8c21e47374de","local_time":"20230511211443","score_breakdown":["Floors Climbed (33): 165","Enemies Slain (9): 18","Exordium Elites Killed (2): 20","City Elites Killed (3): 60","Bosses Slain (1): 50","Champion (1): 25","Ascension (20): 338"],"is_ascension_mode":true,"potions_obtained_alchemize":[[],[],[],[],[],[],[],[],[],[],[],[],[],[],[],[],[],[],[],[],[],[],[],[],[],[],[],[],[],[],[],[],[]],"campfire_choices":[{"data":"Streamline","floor":6,"key":"SMITH"},{"floor":8,"key":"REST"},{"data":"Static Discharge","floor":12,"key":"SMITH"},{"data":"Aggregate","floor":15,"key":"SMITH"},{"data":"Ghostly","floor":25,"key":"SMITH"},{"data":"Ghostly","floor":27,"key":"SMITH"},{"data":"Defragment","floor":32,"key":"SMITH"}],"lesson_learned_per_floor":[[],[],[],[],[],[],[],[],[],[],[],[],[],[],[],[],[],[],[],[],[],[],[],[],[],[],[],[],[],[],[],[],[]],"neow_cost":"TEN_PERCENT_HP_LOSS","improvable_cards":{},"seed_source_timestamp":15584082412098,"shop_contents":[{"floor":10,"relics":["Omamori","Mummified Hand","HandDrill"],"cards":["Rebound","Blizzard","Consume","Hello World","Mind Blast","HandOfGreed"],"potions":["EssenceOfDarkness","FearPotion","Strength Potion"]},{"floor":19,"relics":["Lantern","Letter Opener"],"cards":["Barrage","Cold Snap","Force Field","Loop","Panacea","The Bomb"],"potions":["Weak Potion","Block Potion","Explosive Potion"]}],"circlet_count":0,"master_deck":["AscendersBane","Strike_B","Strike_B","Strike_B","Strike_B","Defend_B+1","Defend_B+1","Defend_B+1","Zap+1","Dualcast","Panache","Undo","Streamline+1","Static Discharge+1","FTL","Steam","Aggregate+1","Self Repair","Electrodynamics","Go for the Eyes","Redo","Shame","Compile Driver+1","Ghostly+1","Ghostly+1","Ghostly","Hologram","Beam Cell","Cold Snap","Redo","Defragment+1","Conserve Battery"],"potion_use_per_floor":[[],[],[],[],[],[],[],[],[],[],[],[],["AttackPotion","SneckoOil"],[],[],[],[],[],[],[],[],[],[],[],[],[],[],["AttackPotion"],[],[],["EssenceOfDarkness"],[],[]],"relics":["Cracked Core","War Paint","Ancient Tea Set","Ornamental Fan","Nuclear Battery","ClockworkSouvenir","Shovel","Akabeko","Ice Cream","Symbiotic Virus","Mercury Hourglass"],"potions_floor_usage":[13,13,28,31],"damage_taken":[{"damage":3,"enemies":"2 Louse","floor":1,"turns":3},{"damage":2,"enemies":"Jaw Worm","floor":2,"turns":4},{"damage":0,"enemies":"Small Slimes","floor":4,"turns":2},{"damage":0,"enemies":"Blue Slaver","floor":5,"turns":4},{"damage":6,"enemies":"Looter","floor":7,"turns":3},{"damage":0,"enemies":"Lagavulin","floor":11,"turns":7},{"damage":9,"enemies":"Gremlin Nob","floor":13,"turns":3},{"damage":14,"enemies":"Hexaghost","floor":16,"turns":9},{"damage":10,"enemies":"Shell Parasite","floor":18,"turns":3},{"damage":5,"enemies":"3 Byrds","floor":21,"turns":3},{"damage":8,"enemies":"Gremlin Leader","floor":23,"turns":6},{"damage":0,"enemies":"Centurion and Healer","floor":24,"turns":6},{"damage":21,"enemies":"Slavers","floor":28,"turns":4},{"damage":0,"enemies":"Cultist and Chosen","floor":29,"turns":5},{"damage":1,"enemies":"Book of Stabbing","floor":31,"turns":5},{"damage":31,"enemies":"Champ","floor":33,"turns":3}],"green_key_taken_log":28,"seed_played":"6765431325355570261","neow_bonus_log":{"cardsObtained":[],"cardsUpgraded":[],"cardsRemoved":[],"cardsTransformed":[],"relicsObtained":[],"maxHpGained":0,"goldGained":0,"damageTaken":0,"goldLost":0,"maxHpLost":7},"potions_obtained":[{"floor":2,"key":"SneckoOil"},{"floor":4,"key":"AttackPotion"},{"floor":13,"key":"FearPotion"},{"floor":16,"key":"Weak Potion"},{"floor":21,"key":"EssenceOfDarkness"},{"floor":24,"key":"AttackPotion"}],"is_trial":false,"path_per_floor":["M","M","?","M","M","R","M","R","T","$","E","R","E","?","R","B",null,"M","$","?","M","?","E","M","R","T","R","E","M","?","E","R","B"],"character_chosen":"DEFECT","basemod:card_modifiers":[null,null,null,null,null,null,null,null,null,null,null,null,null,null,null,null,null,null,null,null,null,null,null,null,null,null,null,null,null,null,null,null],"items_purchased":["Steam","ClockworkSouvenir","Redo"],"campfire_rested":1,"item_purchase_floors":[10,19,19],"current_hp_per_floor":[61,59,40,40,40,40,34,53,53,53,53,53,44,44,44,37,57,54,54,54,49,32,31,32,32,32,32,11,18,18,24,24,0],"gold":127,"neow_bonus":"RANDOM_COLORLESS_2","is_prod":false,"is_daily":false,"rewards_skipped":[],"chose_seed":false,"campfire_upgraded":6,"win_rate":0,"floor_exit_playtime":[88,144,168,198,256,269,313,319,332,397,460,478,607,612,618,733,797,882,913,927,1008,1094,1180,1291,1297,1300,1306,1434,1537,1544,1878,1884],"timestamp":1683854083,"path_taken":["M","M","?","M","M","R","M","R","T","$","E","R","E","?","R","BOSS","M","$","?","M","?","E","M","R","T","R","E","M","?","E","R","BOSS"],"build_version":"2022-12-18","purchased_purges":1,"victory":false,"max_hp_per_floor":[64,64,64,64,64,64,64,64,64,64,64,64,64,64,64,64,64,64,64,64,64,32,32,32,32,32,32,32,32,32,32,32,32],"relic_stats":{"Ice Cream":[94],"Shovel":0,"counters":[16,70],"Ornamental Fan":[28],"War Paint":["Defend_B","Defend_B"],"Ancient Tea Set":[8],"obtain_stats":[{"Ice Cream":26,"Shovel":20,"Ornamental Fan":13,"War Paint":9,"Cracked Core":0,"Ancient Tea Set":11,"Symbiotic Virus":28,"Akabeko":23,"Nuclear Battery":17,"ClockworkSouvenir":19,"Mercury Hourglass":31},{"Ice Cream":12,"Shovel":9,"Ornamental Fan":7,"War Paint":5,"Cracked Core":0,"Ancient Tea Set":6,"Symbiotic Virus":13,"Akabeko":11,"Nuclear Battery":8,"ClockworkSouvenir":9,"Mercury Hourglass":15},{"Ice Cream":53,"Shovel":38,"Ornamental Fan":26,"War Paint":16,"Cracked Core":0,"Ancient Tea Set":23,"Symbiotic Virus":57,"Akabeko":47,"Nuclear Battery":35,"ClockworkSouvenir":38,"Mercury Hourglass":67}],"Mercury Hourglass":[9]},"card_choices":[{"not_picked":["Thinking Ahead","The Bomb"],"picked":"Panache","floor":0},{"not_picked":["Reprogram","Streamline"],"picked":"Undo","floor":1},{"not_picked":["Rebound","Heatsinks"],"picked":"Streamline","floor":2},{"not_picked":["Stack","Loop"],"picked":"Static Discharge","floor":4},{"not_picked":["Leap","Ball Lightning"],"picked":"FTL","floor":5},{"not_picked":["Creative AI","Ball Lightning","Reprogram"],"picked":"SKIP","floor":7},{"not_picked":["Undo","Rip and Tear"],"picked":"Aggregate","floor":11},{"not_picked":["Auto Shields","Redo"],"picked":"Self Repair","floor":13},{"not_picked":["Multi-Cast","Creative AI"],"picked":"Electrodynamics","floor":16},{"not_picked":["Compile Driver","Conserve Battery"],"picked":"Go for the Eyes","floor":18},{"not_picked":["Conserve Battery+1","Rebound"],"picked":"Compile Driver+1","floor":21},{"not_picked":["Capacitor","Leap"],"picked":"Hologram","floor":23},{"not_picked":["Auto Shields","Gash"],"picked":"Beam Cell","floor":24},{"not_picked":["Reboot","Force Field"],"picked":"Cold Snap","floor":28},{"not_picked":["Ball Lightning","Go for the Eyes"],"picked":"Redo","floor":29},{"not_picked":["Barrage","Melter","Steam","Conserve Battery","Stack","Go for the Eyes","Blizzard","Streamline","Rebound","Leap","Hello World","Hyperbeam","Ball Lightning","Rip and Tear","Aggregate","Gash","Beam Cell","Turbo","Coolheaded"],"picked":"Defragment","floor":30},{"not_picked":["Rebound","Leap"],"picked":"Conserve Battery","floor":31}],"player_experience":5678326,"relics_obtained":[{"floor":9,"key":"War Paint"},{"floor":11,"key":"Ancient Tea Set"},{"floor":13,"key":"Ornamental Fan"},{"floor":23,"key":"Akabeko"},{"floor":26,"key":"Ice Cream"},{"floor":28,"key":"Symbiotic Virus"},{"floor":31,"key":"Mercury Hourglass"}],"event_choices":[{"damage_healed":0,"gold_gain":0,"player_choice":"Entered Light","damage_taken":19,"max_hp_gain":0,"max_hp_loss":0,"event_name":"Shining Light","floor":3,"gold_loss":0,"cards_upgraded":["Defend_B","Zap"]},{"damage_healed":0,"gold_gain":0,"player_choice":"Ignored","damage_taken":0,"max_hp_gain":0,"max_hp_loss":0,"event_name":"Liars Game","floor":14,"gold_loss":0},{"damage_healed":0,"gold_gain":0,"player_choice":"Stole Relic","damage_taken":0,"relics_obtained":["Shovel"],"max_hp_gain":0,"max_hp_loss":0,"event_name":"Addict","floor":20,"gold_loss":0,"cards_obtained":["Shame"]},{"damage_healed":0,"gold_gain":0,"player_choice":"Became a Ghost","damage_taken":0,"max_hp_gain":0,"max_hp_loss":32,"event_name":"Ghosts","floor":22,"gold_loss":0,"cards_obtained":["Ghostly","Ghostly","Ghostly"]},{"damage_healed":0,"gold_gain":0,"player_choice":"Read","damage_taken":0,"max_hp_gain":0,"max_hp_loss":0,"event_name":"The Library","floor":30,"gold_loss":0,"cards_obtained":["Defragment"]}],"is_beta":false,"boss_relics":[{"not_picked":["SacredBark","Tiny House"],"picked":"Nuclear Battery"}],"items_purged_floors":[10],"is_endless":false,"potions_floor_spawned":[2,4,13,16,21,24],"killed_by":"Champ","ascension_level":20,"potion_discard_per_floor":[[],[],[],[],[],[],[],[],[],[],[],[],[],[],[],[],[],[],[],[],["FearPotion"],[],[],["Weak Potion"],[],[],[],[],[],[],[],[],[]]}