{"neow_bonuses_skipped_log":["ONE_RANDOM_RARE_CARD","RANDOM_COMMON_RELIC","BOSS_RELIC"],"neow_costs_skipped_log":["NONE","NONE","NONE"],"potions_obtained_entropic_brew":[[],[],[],[],[],[],[],[],[],[],[],[],[],[],[],[],[],[],[],[],[],[],[],[],[],[],[],[],[],[],[],[],[],[],[],[],[],[],[],[],[],[],[],[],[],[],[],[],[],[],[],[],[],[],[],[],[]],"gold_per_floor":[17,29,46,63,63,63,95,95,118,118,128,128,138,151,151,225,225,245,26,44,0,0,33,33,59,113,113,113,147,147,162,162,239,239,256,276,287,51,63,74,102,102,102,112,129,129,160,170,170,170,170,170,170,8,34,34],"floor_reached":57,"playtime":9318,"items_purged":["Zap"],"score":3352,"play_id":"6b2b2c34-502a-463d-9125-6266e72ef5ad","local_time":"20230521225855","score_breakdown":["Floors Climbed (57): 285","Enemies Slain (18): 36","Exordium Elites Killed (1): 10","City Elites Killed (3): 60","Beyond Elites Killed (2): 60","Bosses Slain (5): 750","Collector (1): 25","Librarian: 25","Champion (4): 100","Beyond Perfect: 200","Overkill: 25","Ascension (20): 1526","Heartbreaker: 250"],"is_ascension_mode":true,"potions_obtained_alchemize":[[],[],[],[],[],[],[],[],[],[],[],[],[],[],[],[],[],[],[],[],[],[],[],[],[],[],[],[],[],[],[],[],[],[],[],[],[],[],[],[],[],[],[],[],[],[],[],[],[],[],[],[],[],[],[],[],[]],"campfire_choices":[{"data":"Defragment","floor":6,"key":"SMITH"},{"data":"Sweeping Beam","floor":10,"key":"SMITH"},{"data":"Static Discharge","floor":12,"key":"SMITH"},{"floor":15,"key":"REST"},{"data":"Ghostly","floor":24,"key":"SMITH"},{"data":"Ghostly","floor":27,"key":"SMITH"},{"data":"Hologram","floor":30,"key":"SMITH"},{"data":"Ghostly","floor":32,"key":"SMITH"},{"data":"Skim","floor":42,"key":"SMITH"},{"floor":49,"key":"RECALL"},{"data":"Coolheaded","floor":53,"key":"SMITH"}],"lesson_learned_per_floor":[[],[],[],[],[],[],[],[],[],[],[],[],[],[],[],[],[],[],[],[],[],[],[],[],[],[],[],[],[],[],[],[],[],[],[],[],[],[],[],[],[],[],[],[],[],[],[],[],[],[],[],[],[],[],[],[],[]],"neow_cost":"NO_GOLD","improvable_cards":{"Genetic Algorithm":[37]},"seed_source_timestamp":20085573920108,"shop_contents":[{"floor":19,"relics":["Eternal Feather","Blue Candle"],"cards":["Sweeping Beam","FTL","Hologram","Stack","Static Discharge","Impatience","Violence"],"potions":["FocusPotion","PotionOfCapacity"]},{"floor":21,"relics":["MealTicket","Pocketwatch","Strange Spoon"],"cards":["Lockon","Coolheaded","Consume","Capacitor","Madness","The Bomb"],"potions":["ColorlessPotion","FearPotion","GamblersBrew"]},{"floor":38,"relics":["Molten Egg 2","Bottled Tornado"],"cards":["Ball Lightning","FTL","Turbo","Loop","Forethought","Secret Weapon"],"potions":["AttackPotion","Energy Potion","SneckoOil"]},{"floor":54,"relics":["Akabeko"],"cards":["Lockon","Streamline","Coolheaded","Redo","Heatsinks","Bandage Up","Metamorphosis"],"potions":["FearPotion","Fire Potion","Weak Potion"]}],"circlet_count":0,"master_deck":["AscendersBane","Defend_B+1","Defend_B","Dualcast","Ball Lightning","Defragment+1","Sweeping Beam+1","Hologram+1","Lockon","Static Discharge+1","BootSequence","Electrodynamics","Skim+1","Coolheaded+1","FTL","Ghostly+1","Ghostly+1","Ghostly+1","Core Surge","Loop+1","Coolheaded+1","Echo Form","Steam+1","Amplify+1","Buffer+1","Cold Snap+1","Genetic Algorithm","Compile Driver","Coolheaded","Steam Power+1","Glacier+1","Turbo","Undo+1","Hologram+1","Parasite","Blizzard+1","Ghostly+1","Storm"],"potion_use_per_floor":[[],[],[],[],[],[],["Block Potion"],[],[],[],[],[],[],[],[],["BlessingOfTheForge"],[],[],[],[],[],[],["Explosive Potion"],[],[],[],[],[],["Energy Potion"],[],[],[],[],[],[],[],["Weak Potion"],[],[],[],["PowerPotion"],[],[],[],[],[],[],[],[],[],[],[],[],[],[],["FocusPotion","GamblersBrew"],[]],"relics":["Cracked Core","Boot","DataDisk","Coffee Dripper","Runic Capacitor","Pen Nib","Question Card","Shuriken","Astrolabe","Membership Card","Dream Catcher","Incense Burner","White Beast Statue","DollysMirror","Happy Flower","War Paint"],"potions_floor_usage":[7,16,23,29,37,41,56,56],"damage_taken":[{"damage":0,"enemies":"Cultist","floor":1,"turns":3},{"damage":0,"enemies":"2 Louse","floor":2,"turns":2},{"damage":10,"enemies":"Small Slimes","floor":3,"turns":4},{"damage":7,"enemies":"Looter","floor":4,"turns":3},{"damage":8,"enemies":"Lagavulin","floor":7,"turns":6},{"damage":17,"enemies":"Gremlin Gang","floor":11,"turns":3},{"damage":9,"enemies":"3 Louse","floor":13,"turns":2},{"damage":0,"enemies":"Blue Slaver","floor":14,"turns":2},{"damage":11,"enemies":"Hexaghost","floor":16,"turns":4},{"damage":2,"enemies":"3 Byrds","floor":18,"turns":3},{"damage":8,"enemies":"Shell Parasite","floor":20,"turns":3},{"damage":0,"enemies":"Gremlin Leader","floor":23,"turns":4},{"damage":21,"enemies":"Slavers","floor":25,"turns":3},{"damage":1,"enemies":"Book of Stabbing","floor":29,"turns":4},{"damage":2,"enemies":"Cultist and Chosen","floor":31,"turns":4},{"damage":0,"enemies":"Collector","floor":33,"turns":5},{"damage":6,"enemies":"Orb Walker","floor":35,"turns":4},{"damage":0,"enemies":"3 Shapes","floor":36,"turns":5},{"damage":12,"enemies":"3 Darklings","floor":37,"turns":6},{"damage":0,"enemies":"Maw","floor":39,"turns":8},{"damage":0,"enemies":"Jaw Worm Horde","floor":40,"turns":3},{"damage":0,"enemies":"Reptomancer","floor":41,"turns":6},{"damage":0,"enemies":"Sphere and 2 Shapes","floor":44,"turns":10},{"damage":0,"enemies":"Transient","floor":45,"turns":6},{"damage":0,"enemies":"Nemesis","floor":47,"turns":13},{"damage":0,"enemies":"Writhing Mass","floor":48,"turns":18},{"damage":0,"enemies":"Time Eater","floor":50,"turns":24},{"damage":0,"enemies":"Donu and Deca","floor":51,"turns":29},{"damage":0,"enemies":"Shield and Spear","floor":55,"turns":24},{"damage":22,"enemies":"The Heart","floor":56,"turns":10}],"green_key_taken_log":41,"seed_played":"-6354541540000473250","neow_bonus_log":{"cardsObtained":[],"cardsUpgraded":[],"cardsRemoved":["Strike_B","Strike_B"],"cardsTransformed":[],"relicsObtained":[],"maxHpGained":0,"goldGained":0,"damageTaken":0,"goldLost":99,"maxHpLost":0},"potions_obtained":[{"floor":4,"key":"Block Potion"},{"floor":11,"key":"Weak Potion"},{"floor":13,"key":"ColorlessPotion"},{"floor":14,"key":"BlessingOfTheForge"},{"floor":25,"key":"Energy Potion"},{"floor":33,"key":"Dexterity Potion"},{"floor":35,"key":"PowerPotion"},{"floor":37,"key":"FocusPotion"},{"floor":44,"key":"SteroidPotion"},{"floor":48,"key":"Block Potion"},{"floor":55,"key":"GamblersBrew"}],"is_trial":false,"path_per_floor":["M","M","M","M","?","R","E","?","T","R","M","R","M","M","R","B",null,"M","$","M","$","?","E","R","E","T","R","?","E","R","M","R","B",null,"M","M","M","$","M","M","E","R","T","M","M","?","E","M","R","B","B",null,"R","$","E","B",null],"character_chosen":"DEFECT","basemod:card_modifiers":[null,null,null,null,null,null,null,null,null,null,null,null,null,null,null,null,null,null,null,null,null,null,null,null,null,null,null,null,null,null,null,null,null,null,null,null,null,null],"items_purchased":["Runic Capacitor","Explosive Potion","FTL","Membership Card","Coolheaded","DollysMirror","Happy Flower"],"campfire_rested":1,"item_purchase_floors":[19,19,21,38,38,54,54],"current_hp_per_floor":[64,64,54,47,47,47,39,39,39,39,22,22,13,13,34,23,59,57,57,49,49,35,35,35,14,14,14,7,6,6,4,4,4,31,25,25,13,13,13,13,13,13,13,13,13,13,13,13,13,13,13,33,33,33,33,11],"gold":34,"neow_bonus":"REMOVE_TWO","is_prod":false,"is_daily":false,"rewards_skipped":[{"floor":47,"relics":[],"potions":["Fire Potion"]}],"chose_seed":false,"campfire_upgraded":9,"win_rate":0,"floor_exit_playtime":[168,187,237,298,303,312,386,405,417,423,530,540,630,726,729,809,1013,1095,1149,1228,1293,1297,1387,1393,1556,1560,1568,1630,2032,2044,2281,2289,2424,2632,2746,2855,3108,3348,3571,3730,4020,4039,4042,4251,4506,4520,4824,5310,5313,6039,6701,6731,6749,6901,7806,9318],"timestamp":1684724335,"blue_key_relic_skipped_log":{"floor":26,"relicID":"Regal Pillow"},"path_taken":["M","M","M","M","?","R","E","?","T","R","M","R","?","M","R","BOSS","M","$","M","?","?","E","R","E","T","R","?","E","R","M","R","BOSS","M","M","M","$","M","M","E","R","T","M","M","?","E","M","R","BOSS","BOSS","R","$","E","BOSS"],"build_version":"2022-12-18","purchased_purges":1,"victory":true,"max_hp_per_floor":[71,71,71,71,71,71,71,71,71,71,71,71,71,71,71,71,71,71,71,71,71,35,35,35,35,35,35,40,40,40,40,40,40,40,40,40,40,40,40,40,40,40,40,40,40,40,40,40,40,40,40,40,40,40,40,40],"relic_stats":{"Dream Catcher":0,"Happy Flower":[11],"counters":[30,220],"Shuriken":[28],"Astrolabe":["Steam","Amplify","Buffer"],"Pen Nib":[20],"Membership Card":224,"War Paint":["Hologram","Defend_B"],"Boot":[64],"Question Card":14,"obtain_stats":[{"Happy Flower":54,"Astrolabe":34,"Pen Nib":23,"Runic Capacitor":19,"Incense Burner":43,"War Paint":55,"Boot":7,"Question Card":25,"White Beast Statue":47,"DataDisk":9,"Dream Catcher":41,"Shuriken":29,"DollysMirror":54,"Coffee Dripper":17,"Membership Card":38,"Cracked Core":0},{"Happy Flower":28,"Astrolabe":16,"Pen Nib":12,"Runic Capacitor":10,"Incense Burner":22,"War Paint":29,"Boot":5,"Question Card":13,"White Beast Statue":25,"DataDisk":5,"Dream Catcher":22,"Shuriken":14,"DollysMirror":28,"Coffee Dripper":9,"Membership Card":19,"Cracked Core":0},{"Happy Flower":186,"Astrolabe":55,"Pen Nib":39,"Runic Capacitor":32,"Incense Burner":86,"War Paint":210,"Boot":18,"Question Card":42,"White Beast Statue":115,"DataDisk":18,"Dream Catcher":86,"Shuriken":46,"DollysMirror":186,"Coffee Dripper":29,"Membership Card":70,"Cracked Core":0}],"White Beast Statue":[0.0,0.0,0.0,0.4,0.0,0.6000000000000001,0.0,0.0,0.0,0.0,0.0,0.9]},"card_choices":[{"not_picked":["Beam Cell","White Noise"],"picked":"Ball Lightning","floor":1},{"not_picked":["Scrape","Compile Driver"],"picked":"Defragment","floor":2},{"not_picked":["Barrage","Compile Driver"],"picked":"Sweeping Beam","floor":3},{"not_picked":["Stack","Consume"],"picked":"Hologram","floor":4},{"not_picked":["Beam Cell","Steam"],"picked":"Lockon","floor":7},{"not_picked":["Sweeping Beam","Consume"],"picked":"Static Discharge","floor":11},{"not_picked":["Coolheaded","Consume"],"picked":"BootSequence","floor":13},{"not_picked":["Hello World","Machine Learning","Ball Lightning"],"picked":"SKIP","floor":14},{"not_picked":["Machine Learning","Hyperbeam"],"picked":"Electrodynamics","floor":16},{"not_picked":["Reprogram","Defragment"],"picked":"Skim","floor":18},{"not_picked":["Leap","Stack"],"picked":"Coolheaded+1","floor":20},{"not_picked":["Go for the Eyes","Conserve Battery"],"picked":"Core Surge","floor":23},{"not_picked":["Static Discharge+1","Recycle"],"picked":"Loop+1","floor":25},{"not_picked":["Sweeping Beam","Consume","Gash","Barrage"],"picked":"SKIP","floor":29},{"not_picked":["Rebound","Conserve Battery","White Noise"],"picked":"Coolheaded","floor":31},{"not_picked":["Meteor Strike","Biased Cognition","Amplify"],"picked":"Echo Form","floor":33},{"not_picked":["Leap+1","Go for the Eyes","Chaos"],"picked":"Cold Snap+1","floor":35},{"not_picked":["Steam","Cold Snap","FTL"],"picked":"Genetic Algorithm","floor":36},{"not_picked":["Meteor Strike","Cold Snap","Stack"],"picked":"Compile Driver","floor":37},{"not_picked":["Darkness","Coolheaded","Stack"],"picked":"Steam Power+1","floor":39},{"not_picked":["Heatsinks","Beam Cell","Rebound"],"picked":"Glacier+1","floor":40},{"not_picked":["Hologram","Coolheaded","Darkness"],"picked":"Turbo","floor":41},{"not_picked":["Go for the Eyes","Hello World+1","Scrape+1"],"picked":"Undo+1","floor":44},{"not_picked":["Reinforced Body","Gash","Compile Driver+1","Chaos"],"picked":"SKIP","floor":45},{"not_picked":["Rebound","Compile Driver+1","Rainbow"],"picked":"Hologram","floor":47},{"not_picked":["Conserve Battery+1","Sweeping Beam+1","Steam"],"picked":"Blizzard+1","floor":48},{"not_picked":["Sweeping Beam+1","Reboot","Leap"],"picked":"Storm","floor":55}],"player_experience":5723233,"relics_obtained":[{"floor":7,"key":"Boot"},{"floor":9,"key":"DataDisk"},{"floor":23,"key":"Pen Nib"},{"floor":25,"key":"Question Card"},{"floor":29,"key":"Shuriken"},{"floor":41,"key":"Dream Catcher"},{"floor":43,"key":"Incense Burner"},{"floor":47,"key":"White Beast Statue"},{"floor":55,"key":"War Paint"}],"event_choices":[{"damage_healed":0,"gold_gain":0,"player_choice":"Fled","damage_taken":0,"max_hp_gain":0,"max_hp_loss":0,"event_name":"Scrap Ooze","floor":5,"gold_loss":0},{"cards_removed":["Strike_B"],"damage_healed":0,"gold_gain":0,"player_choice":"Offered Basic","damage_taken":0,"max_hp_gain":0,"max_hp_loss":0,"event_name":"Bonfire Elementals","floor":8,"gold_loss":0},{"damage_healed":0,"gold_gain":0,"player_choice":"Became a Ghost","damage_taken":0,"max_hp_gain":0,"max_hp_loss":36,"event_name":"Ghosts","floor":22,"gold_loss":0,"cards_obtained":["Ghostly","Ghostly","Ghostly"]},{"damage_healed":0,"gold_gain":0,"player_choice":"Shed Blood","damage_taken":12,"max_hp_gain":5,"max_hp_loss":0,"event_name":"Forgotten Altar","floor":28,"gold_loss":0},{"damage_healed":0,"gold_gain":0,"player_choice":"Ignored","damage_taken":0,"max_hp_gain":0,"max_hp_loss":0,"event_name":"SecretPortal","floor":46,"gold_loss":0}],"is_beta":false,"boss_relics":[{"not_picked":["Sozu","SacredBark"],"picked":"Coffee Dripper"},{"not_picked":["Calling Bell","Pandora\u0027s Box"],"picked":"Astrolabe"}],"items_purged_floors":[38],"is_endless":false,"potions_floor_spawned":[4,11,13,14,25,33,35,37,44,47,48,55],"ascension_level":20,"potion_discard_per_floor":[[],[],[],[],[],[],[],[],[],[],[],[],[],["ColorlessPotion"],[],[],[],[],[],[],[],[],[],[],[],[],[],[],[],[],[],[],[],[],["Dexterity Potion"],[],[],[],[],[],[],[],[],[],[],[],[],["SteroidPotion"],[],[],[],[],[],[],["Block Potion"],[],[]]}