{"neow_bonuses_skipped_log":["UPGRADE_CARD","RANDOM_COMMON_RELIC","BOSS_RELIC"],"neow_costs_skipped_log":["NONE","NONE","NONE"],"potions_obtained_entropic_brew":[[],[],[],[],[],[],[],[],[],[],[],[],[],[],[],[],[],[],[],[],[],[],[],[],[],[],[],[],[],[],[],[],[],[],[],[],[],[],[],[],[],[],[],[],[],[],[],[],[],[],[],[],[],[],[],[],[]],"gold_per_floor":[19,19,31,49,61,61,18,32,112,143,155,172,200,210,210,288,288,304,354,84,2,18,48,48,48,48,48,78,88,122,133,133,212,212,230,230,247,264,281,313,313,345,345,345,374,386,170,205,205,205,205,205,205,16,42,42],"floor_reached":57,"playtime":6908,"items_purged":["Strike_B","Defend_B"],"score":2934,"play_id":"824c1bf7-e4f8-4c27-9983-1b055d111d7b","local_time":"20230525223026","falling_options_log":["Go for the Eyes+1","Loop"],"score_breakdown":["Floors Climbed (57): 285","Enemies Slain (16): 32","Exordium Elites Killed (2): 20","City Elites Killed (3): 60","Beyond Elites Killed (4): 120","Bosses Slain (5): 750","Champion (2): 50","Overkill: 25","Ascension (20): 1342","Heartbreaker: 250"],"is_ascension_mode":true,"potions_obtained_alchemize":[[],[],[],[],[],[],[],[],[],[],[],[],[],[],[],[],[],[],[],[],[],[],[],[],[],[],[],[],[],[],[],[],[],[],[],[],[],[],[],[],[],[],[],[],[],[],[],[],[],[],[],[],[],[],[],[],[]],"campfire_choices":[{"data":"Doom and Gloom","floor":6.0,"key":"SMITH"},{"data":"Defragment","floor":15.0,"key":"SMITH"},{"data":"Apotheosis","floor":24.0,"key":"SMITH"},{"data":"Coolheaded","floor":27.0,"key":"SMITH"},{"data":"Coolheaded","floor":32,"key":"SMITH"},{"floor":41,"key":"REST"},{"floor":44,"key":"RECALL"},{"floor":49,"key":"REST"},{"floor":53,"key":"REST"}],"lesson_learned_per_floor":[[],[],[],[],[],[],[],[],[],[],[],[],[],[],[],[],[],[],[],[],[],[],[],[],[],[],[],[],[],[],[],[],[],[],[],[],[],[],[],[],[],[],[],[],[],[],[],[],[],[],[],[],[],[],[],[],[]],"neow_cost":"NO_GOLD","improvable_cards":{},"seed_source_timestamp":11892525698123,"shop_contents":[{"floor":20,"relics":["Pen Nib","Nunchaku"],"cards":["Go for the Eyes","Sweeping Beam","Steam","Undo","Hello World","Deep Breath"],"potions":["BlessingOfTheForge","SpeedPotion","LiquidMemories"]},{"floor":21,"relics":["Toxic Egg 2","Pantograph"],"cards":["Streamline","Ball Lightning","Steam","Turbo","Loop","Enlightenment","Chrysalis"],"potions":["Fire Potion","FairyPotion","EssenceOfSteel"]},{"floor":47,"relics":["Omamori","TheAbacus"],"cards":["FTL","Conserve Battery","Coolheaded","Capacitor","Dramatic Entrance","Transmutation"],"potions":["Explosive Potion"]},{"floor":54,"relics":["FossilizedHelix","Blue Candle"],"cards":["Gash","Steam","Consume","Loop","Mind Blast","Sadistic Nature"],"potions":["SmokeBomb","AttackPotion"]}],"circlet_count":0,"master_deck":["AscendersBane","Strike_B","Defend_B","Defend_B","Dualcast","Ball Lightning","White Noise","Coolheaded+1","Doom and Gloom+1","Compile Driver","Buffer","Self Repair","Defragment+1","Biased Cognition","Undo","Apotheosis+1","Double Energy","Coolheaded+1","Cold Snap","Loop","Redo","Echo Form","Go for the Eyes+1","Coolheaded","Sweeping Beam+1","Core Surge+1","Steam Power","Compile Driver","Compile Driver","Hologram"],"special_seed":0,"potion_use_per_floor":[[],[],[],[],[],[],[],[],[],[],[],[],["Strength Potion"],[],[],[],[],[],[],[],[],[],["Fruit Juice"],[],[],[],[],[],[],[],[],[],[],[],[],[],[],[],[],["FocusPotion"],[],[],[],[],["DuplicationPotion"],[],[],[],[],["Strength Potion"],[],[],[],[],["FocusPotion","LiquidMemories"],["FocusPotion","PotionOfCapacity"],[]],"relics":["Cracked Core","Eternal Feather","Unceasing Top","Vajra","Nuclear Battery","Membership Card","ClockworkSouvenir","Strawberry","StrikeDummy","Blood Vial","Kunai","Fusion Hammer","Whetstone","Art of War","MawBank","Potion Belt","DataDisk","Sling","Bag of Marbles"],"potions_floor_usage":[40,45,50,55,55,56,56],"damage_taken":[{"damage":0.0,"enemies":"2 Louse","floor":1.0,"turns":2.0},{"damage":1.0,"enemies":"Cultist","floor":3.0,"turns":3.0},{"damage":0.0,"enemies":"Small Slimes","floor":4.0,"turns":2.0},{"damage":6.0,"enemies":"2 Fungi Beasts","floor":5.0,"turns":3.0},{"damage":6.0,"enemies":"3 Louse","floor":8.0,"turns":2.0},{"damage":11.0,"enemies":"Lagavulin","floor":10.0,"turns":7.0},{"damage":0.0,"enemies":"Large Slime","floor":11.0,"turns":4.0},{"damage":1.0,"enemies":"Looter","floor":12.0,"turns":3.0},{"damage":12.0,"enemies":"Gremlin Nob","floor":13.0,"turns":3.0},{"damage":12.0,"enemies":"2 Fungi Beasts","floor":14.0,"turns":5.0},{"damage":3.0,"enemies":"The Guardian","floor":16.0,"turns":12.0},{"damage":0.0,"enemies":"Chosen","floor":18.0,"turns":4.0},{"damage":0.0,"enemies":"Spheric Guardian","floor":22.0,"turns":4.0},{"damage":30.0,"enemies":"Book of Stabbing","floor":23.0,"turns":5.0},{"damage":0.0,"enemies":"Gremlin Leader","floor":28.0,"turns":6.0},{"damage":1,"enemies":"3 Cultists","floor":29,"turns":5},{"damage":49,"enemies":"Slavers","floor":30,"turns":7},{"damage":6,"enemies":"Shelled Parasite and Fungi","floor":31,"turns":5},{"damage":21,"enemies":"Collector","floor":33,"turns":14},{"damage":23,"enemies":"3 Darklings","floor":35,"turns":5},{"damage":19,"enemies":"Orb Walker","floor":37,"turns":4},{"damage":26,"enemies":"4 Shapes","floor":38,"turns":9},{"damage":0,"enemies":"Maw","floor":39,"turns":10},{"damage":63,"enemies":"Reptomancer","floor":40,"turns":6},{"damage":7,"enemies":"Giant Head","floor":42,"turns":15},{"damage":0,"enemies":"Reptomancer","floor":45,"turns":5},{"damage":9,"enemies":"Nemesis","floor":48,"turns":9},{"damage":43,"enemies":"Awakened One","floor":50,"turns":20},{"damage":9,"enemies":"Donu and Deca","floor":51,"turns":9},{"damage":23,"enemies":"Shield and Spear","floor":55,"turns":12},{"damage":41,"enemies":"The Heart","floor":56,"turns":13}],"green_key_taken_log":42,"seed_played":"-6163727538882026897","neow_bonus_log":{"cardsObtained":[],"cardsUpgraded":[],"cardsRemoved":["Strike_B","Defend_B"],"cardsTransformed":[],"relicsObtained":[],"maxHpGained":0,"goldGained":0,"damageTaken":0,"goldLost":99,"maxHpLost":0},"potions_obtained":[{"floor":1.0,"key":"Strength Potion"},{"floor":8.0,"key":"SpeedPotion"},{"floor":11.0,"key":"FocusPotion"},{"floor":16.0,"key":"BlessingOfTheForge"},{"floor":22.0,"key":"Fruit Juice"},{"floor":23.0,"key":"DuplicationPotion"},{"floor":42,"key":"FocusPotion"},{"floor":48,"key":"Strength Potion"}],"is_trial":false,"path_per_floor":["M","?","M","M","M","R","?","M","T","E","M","M","E","M","R","B",null,"M","?","$","$","M","E","R","?","T","R","E","M","E","M","R","B",null,"M","?","M","M","M","E","R","E","T","R","E","?","$","E","R","B","B",null,"R","$","E","B",null],"character_chosen":"DEFECT","basemod:card_modifiers":[null,null,null,null,null,null,null,null,null,null,null,null,null,null,null,null,null,null,null,null,null,null,null,null,null,null,null,null,null,null],"items_purchased":["Membership Card","Apotheosis","ClockworkSouvenir","Potion Belt","Compile Driver","LiquidMemories","PotionOfCapacity","Compile Driver","FocusPotion","Sling"],"campfire_rested":3,"item_purchase_floors":[20,20,21,47,47,47,47,54,54,54],"current_hp_per_floor":[64,64,63,63,57,57,57,51,51,40,40,39,27,29,38,42,64,71,64,64,64,71,63,75,75,75,83,83,82,44,47,59,47,74,73,73,70,66,79,36,74,79,79,79,79,79,79,79,79,56,59,74,79,79,76,47],"gold":42,"neow_bonus":"REMOVE_TWO","is_prod":false,"is_daily":false,"rewards_skipped":[{"floor":12,"relics":[],"potions":["SteroidPotion"]},{"floor":35,"relics":[],"potions":["SpeedPotion"]},{"floor":37,"relics":[],"potions":["AttackPotion"]}],"chose_seed":false,"campfire_upgraded":5,"win_rate":0,"floor_exit_playtime":[117,129,177,243,275,288,296,356,360,461,547,677,728,833,844,979,1042,1087,1093,1119,1148,1215,1325,1334,1368,1388,1399,1547,1683,1900,1988,2002,2277,2310,2437,2467,2569,2750,2968,3386,3406,3688,3690,3695,3835,3842,3923,4041,4050,4343,4525,4535,4539,5255,6440,6908],"timestamp":1685068226,"blue_key_relic_skipped_log":{"floor":43,"relicID":"Molten Egg 2"},"path_taken":["M","?","M","M","M","R","?","M","T","E","M","M","E","M","R","BOSS","M","?","?","$","?","E","R","?","T","R","E","M","E","M","R","BOSS","M","?","M","M","M","E","R","E","T","R","E","?","$","E","R","BOSS","BOSS","R","$","E","BOSS"],"build_version":"2022-12-18","purchased_purges":2,"victory":true,"max_hp_per_floor":[71,71,71,71,71,71,71,71,71,71,71,71,71,71,71,71,71,71,71,71,71,71,83,83,83,83,83,83,83,83,83,83,83,83,83,79,79,79,79,79,79,79,79,79,79,79,79,79,79,79,79,79,79,79,79,79],"relic_stats":{"Blood Vial":19,"counters":[31,213],"Eternal Feather":61,"Art of War":[13],"Membership Card":600,"Kunai":[35],"Whetstone":["Sweeping Beam","Core Surge"],"MawBank":24,"obtain_stats":[{"Potion Belt":47,"Vajra":13,"Eternal Feather":9,"Whetstone":40,"MawBank":45,"Sling":54,"Nuclear Battery":17,"ClockworkSouvenir":21,"Blood Vial":28,"DataDisk":48,"Strawberry":23,"Fusion Hammer":34,"Art of War":42,"Bag of Marbles":55,"Membership Card":20,"Kunai":30,"Cracked Core":0,"StrikeDummy":26,"Unceasing Top":10},{"Potion Belt":26,"Vajra":9,"Eternal Feather":5,"Whetstone":24,"MawBank":26,"Sling":29,"Nuclear Battery":11,"ClockworkSouvenir":12,"Blood Vial":15,"DataDisk":27,"Strawberry":14,"Fusion Hammer":19,"Art of War":25,"Bag of Marbles":30,"Membership Card":12,"Kunai":17,"Cracked Core":0,"StrikeDummy":14,"Unceasing Top":6},{"Potion Belt":150,"Vajra":29,"Eternal Feather":12,"Whetstone":130,"MawBank":150,"Sling":188,"Nuclear Battery":46,"ClockworkSouvenir":50,"Blood Vial":65,"DataDisk":159,"Strawberry":59,"Fusion Hammer":96,"Art of War":145,"Bag of Marbles":200,"Membership Card":50,"Kunai":77,"Cracked Core":0,"StrikeDummy":59,"Unceasing Top":19}],"Unceasing Top":[2]},"card_choices":[{"not_picked":["Auto Shields","Steam"],"picked":"Ball Lightning","floor":1.0},{"not_picked":["Turbo","Storm","Recycle"],"picked":"SKIP","floor":3.0},{"not_picked":["Cold Snap","Stack"],"picked":"Coolheaded","floor":4.0},{"not_picked":["Gash","Steam"],"picked":"Doom and Gloom","floor":5.0},{"not_picked":["Go for the Eyes","Gash"],"picked":"Auto Shields","floor":8.0},{"not_picked":["Sweeping Beam","Stack"],"picked":"Compile Driver","floor":11.0},{"not_picked":["Aggregate","Redo"],"picked":"Buffer","floor":12.0},{"not_picked":["Turbo","Doom and Gloom"],"picked":"Self Repair","floor":13.0},{"not_picked":["Turbo","Conserve Battery"],"picked":"Defragment","floor":14.0},{"not_picked":["Reboot","Creative AI"],"picked":"Biased Cognition","floor":16.0},{"not_picked":["Go for the Eyes","Scrape"],"picked":"Undo","floor":18.0},{"not_picked":["Beam Cell","Stack+1","Fusion"],"picked":"SKIP","floor":22.0},{"not_picked":["Beam Cell","Stack+1","Fusion"],"picked":"SKIP","floor":22.0},{"not_picked":["Leap","Ball Lightning"],"picked":"Double Energy","floor":23.0},{"not_picked":["Go for the Eyes+1","BootSequence+1"],"picked":"Coolheaded","floor":28},{"not_picked":["Sweeping Beam","Beam Cell"],"picked":"Cold Snap","floor":29},{"not_picked":["Undo","Hologram"],"picked":"Loop","floor":30},{"not_picked":["Gash","Tempest"],"picked":"Redo","floor":31},{"not_picked":["Multi-Cast","Amplify"],"picked":"Echo Form","floor":33},{"not_picked":["Cold Snap","Sunder"],"picked":"Go for the Eyes+1","floor":35},{"not_picked":["Steam","Stack"],"picked":"Coolheaded","floor":37},{"not_picked":["Turbo","Reprogram","Ball Lightning"],"picked":"SKIP","floor":38},{"not_picked":["White Noise","Leap"],"picked":"Sweeping Beam","floor":39},{"not_picked":["Lockon","Tempest"],"picked":"Core Surge","floor":40},{"not_picked":["Loop","Ball Lightning"],"picked":"Steam Power","floor":45},{"not_picked":["Leap","Streamline","Ball Lightning"],"picked":"SKIP","floor":48},{"not_picked":["Force Field","FTL"],"picked":"Hologram","floor":55}],"player_experience":5746527,"relics_obtained":[{"floor":9.0,"key":"Eternal Feather"},{"floor":10.0,"key":"Unceasing Top"},{"floor":13.0,"key":"Vajra"},{"floor":23.0,"key":"Strawberry"},{"floor":26.0,"key":"StrikeDummy"},{"floor":28,"key":"Blood Vial"},{"floor":30,"key":"Kunai"},{"floor":40,"key":"Whetstone"},{"floor":42,"key":"Art of War"},{"floor":45,"key":"MawBank"},{"floor":48,"key":"DataDisk"},{"floor":55,"key":"Bag of Marbles"}],"event_choices":[{"damage_healed":0.0,"max_hp_gain":0.0,"max_hp_loss":0.0,"gold_gain":0.0,"cards_transformed":["Strike_B"],"event_name":"Living Wall","player_choice":"Change","floor":2.0,"gold_loss":0.0,"damage_taken":0.0,"cards_obtained":["White Noise"]},{"damage_healed":0.0,"max_hp_gain":0.0,"max_hp_loss":0.0,"gold_gain":0.0,"event_name":"World of Goop","player_choice":"Left Gold","floor":7.0,"gold_loss":43.0,"damage_taken":0.0},{"damage_healed":0.0,"max_hp_gain":0.0,"max_hp_loss":0.0,"gold_gain":50.0,"event_name":"FaceTrader","player_choice":"Touch","floor":19.0,"gold_loss":0.0,"damage_taken":7.0},{"cards_removed":["Zap"],"damage_healed":0.0,"max_hp_gain":0.0,"max_hp_loss":0.0,"gold_gain":0.0,"event_name":"Back to Basics","player_choice":"Elegance","floor":25.0,"gold_loss":0.0,"damage_taken":0.0},{"damage_healed":0,"gold_gain":0,"player_choice":"Max HP","damage_taken":0,"max_hp_gain":0,"max_hp_loss":4,"event_name":"Winding Halls","floor":36,"gold_loss":0},{"cards_removed":["Auto Shields"],"damage_healed":0,"gold_gain":0,"player_choice":"Removed Skill","damage_taken":0,"max_hp_gain":0,"max_hp_loss":0,"event_name":"Falling","floor":46,"gold_loss":0}],"is_beta":false,"boss_relics":[{"not_picked":["Astrolabe","Runic Dome"],"picked":"Nuclear Battery"},{"not_picked":["Cursed Key","Pandora\u0027s Box"],"picked":"Fusion Hammer"}],"items_purged_floors":[47,54],"is_endless":false,"potions_floor_spawned":[1,8,11,12,16,22,23,35,37,42,48],"ascension_level":20,"potion_discard_per_floor":[[],[],[],[],[],[],[],[],[],[],["SpeedPotion"],[],[],[],[],[],[],[],[],[],[],["BlessingOfTheForge"],[],[],[],[],[],[],[],[],[],[],[],[],[],[],[],[],[],[],[],[],[],[],[],[],[],[],[],[],[],[],[],[],[],[],[]]}