{"neow_bonuses_skipped_log":["RANDOM_COLORLESS","THREE_SMALL_POTIONS","BOSS_RELIC"],"neow_costs_skipped_log":["NONE","NONE","NONE"],"potions_obtained_entropic_brew":[[],[],[],[],[],[],[],[],[],[],[],["GamblersBrew","BlessingOfTheForge"],[],[],[],[],[],[],[],[],[]],"gold_per_floor":[110,129,147,32,32,32,62,77,130,161,173,216,228,315,327,435,447,480,395,421,433],"floor_reached":21,"playtime":2847,"items_purged":[],"score":378,"play_id":"ab185394-161e-418c-b48a-cdc82d84f2aa","local_time":"20230525203122","score_breakdown":["Floors Climbed (21): 105","Enemies Slain (7): 14","Exordium Elites Killed (2): 20","City Elites Killed (0): 0","Bosses Slain (1): 50","Ascension (20): 189"],"is_ascension_mode":true,"potions_obtained_alchemize":[[],[],[],[],[],[],[],[],[],[],[],[],[],[],[],[],[],[],[],[],[]],"campfire_choices":[{"data":"Sweeping Beam","floor":6,"key":"SMITH"},{"data":"Sunder","floor":13,"key":"SMITH"},{"data":"Double Energy","floor":15,"key":"SMITH"}],"lesson_learned_per_floor":[[],[],[],[],[],[],[],[],[],[],[],[],[],[],[],[],[],[],[],[],[]],"neow_cost":"TEN_PERCENT_HP_LOSS","improvable_cards":{},"seed_source_timestamp":8965048714921,"shop_contents":[{"floor":4,"relics":["PreservedInsect","Bag of Preparation","Runic Capacitor"],"cards":["Barrage","Sweeping Beam","Hologram","Capacitor","Sadistic Nature"],"potions":["AttackPotion","Swift Potion","Energy Potion"]}],"circlet_count":0,"master_deck":["AscendersBane","Strike_B","Strike_B","Defend_B","Defend_B","Defend_B","Creative AI","Multi-Cast","Sweeping Beam+1","Glacier","Steam Power","Conserve Battery","Flash of Steel","Chill","Sunder+1","Skim","Double Energy+1","Meteor Strike","Echo Form+1","Thunder Strike+1","Electrodynamics+1","Go for the Eyes+1","Recycle+1"],"potion_use_per_floor":[[],[],[],[],[],[],[],[],[],[],[],["Ancient Potion","EntropicBrew","BlessingOfTheForge"],[],[],[],[],[],[],[],[],[]],"relics":["Cracked Core","Bottled Flame","MawBank","Golden Idol","Strawberry","Astrolabe","Kunai"],"potions_floor_usage":[12,12,12],"damage_taken":[{"damage":11,"enemies":"Jaw Worm","floor":1,"turns":5},{"damage":4,"enemies":"2 Louse","floor":2,"turns":2},{"damage":0,"enemies":"Small Slimes","floor":3,"turns":2},{"damage":3,"enemies":"Lagavulin","floor":7,"turns":11},{"damage":0,"enemies":"Blue Slaver","floor":8,"turns":6},{"damage":10,"enemies":"Lots of Slimes","floor":10,"turns":4},{"damage":9,"enemies":"Gremlin Nob","floor":12,"turns":3},{"damage":12,"enemies":"The Guardian","floor":16,"turns":14},{"damage":27,"enemies":"Shell Parasite","floor":18,"turns":6},{"damage":13,"enemies":"Chosen","floor":20,"turns":5},{"damage":13,"enemies":"Centurion and Healer","floor":21,"turns":1}],"seed_played":"-9142863651079228468","neow_bonus_log":{"cardsObtained":["Creative AI","Multi-Cast"],"cardsUpgraded":[],"cardsRemoved":[],"cardsTransformed":["Strike_B","Strike_B"],"relicsObtained":[],"maxHpGained":0,"goldGained":0,"damageTaken":0,"goldLost":0,"maxHpLost":7},"potions_obtained":[{"floor":2,"key":"EntropicBrew"},{"floor":3,"key":"Ancient Potion"}],"is_trial":false,"path_per_floor":["M","M","M","$","?","R","E","M","T","M","?","E","R","?","R","B",null,"M","?","M","M"],"character_chosen":"DEFECT","basemod:card_modifiers":[null,null,null,null,null,null,null,null,null,null,null,null,null,null,null,null,null,null,null,null,null,null,null],"items_purchased":["Conserve Battery","Flash of Steel"],"campfire_rested":0,"item_purchase_floors":[4,4],"current_hp_per_floor":[53,49,49,49,49,49,46,46,46,36,36,34,34,23,23,11,52,25,25,12,0],"gold":433,"neow_bonus":"TRANSFORM_TWO_CARDS","is_prod":false,"is_daily":false,"rewards_skipped":[{"floor":10,"relics":[],"potions":["ColorlessPotion"]}],"chose_seed":false,"campfire_upgraded":3,"win_rate":0,"floor_exit_playtime":[365,396,558,722,735,791,1089,1158,1163,1307,1330,1584,1590,1653,1717,2115,2368,2521,2530,2623],"timestamp":1685061082,"path_taken":["M","M","M","$","?","R","E","M","T","M","?","E","R","?","R","BOSS","M","?","?","?"],"build_version":"2022-12-18","purchased_purges":0,"victory":false,"max_hp_per_floor":[64,64,64,64,64,64,64,64,64,64,58,65,65,65,65,65,65,65,65,65,65],"relic_stats":{"Bottled Flame":"Flash of Steel","counters":[11,59],"Golden Idol":32,"Astrolabe":["Echo Form","Thunder Strike","Electrodynamics"],"Kunai":[1],"MawBank":144,"obtain_stats":[{"Bottled Flame":7,"Golden Idol":11,"Strawberry":12,"Astrolabe":17,"Kunai":19,"Cracked Core":0,"MawBank":9},{"Bottled Flame":4,"Golden Idol":6,"Strawberry":7,"Astrolabe":8,"Kunai":9,"Cracked Core":0,"MawBank":5},{"Bottled Flame":20,"Golden Idol":30,"Strawberry":33,"Astrolabe":47,"Kunai":53,"Cracked Core":0,"MawBank":26}]},"card_choices":[{"not_picked":["Beam Cell","Streamline"],"picked":"Sweeping Beam","floor":1},{"not_picked":["Chill","Melter"],"picked":"Glacier","floor":2},{"not_picked":["Barrage","Go for the Eyes"],"picked":"Steam Power","floor":3},{"not_picked":["Cold Snap","Ball Lightning"],"picked":"Chill","floor":7},{"not_picked":["Rebound","Capacitor"],"picked":"Sunder","floor":8},{"not_picked":["Stack","Turbo"],"picked":"Skim","floor":10},{"not_picked":["Consume","Steam"],"picked":"Double Energy","floor":12},{"not_picked":["Machine Learning","Electrodynamics"],"picked":"Meteor Strike","floor":16},{"not_picked":["Steam","Rebound"],"picked":"Go for the Eyes+1","floor":18},{"not_picked":["Hello World","Cold Snap"],"picked":"Recycle+1","floor":20}],"player_experience":5743680,"relics_obtained":[{"floor":7,"key":"Bottled Flame"},{"floor":9,"key":"MawBank"},{"floor":12,"key":"Strawberry"}],"event_choices":[{"damage_healed":0,"gold_gain":0,"player_choice":"Ignored","damage_taken":0,"max_hp_gain":0,"max_hp_loss":0,"event_name":"Liars Game","floor":5,"gold_loss":0},{"damage_healed":0,"gold_gain":0,"player_choice":"Lose Max HP","damage_taken":0,"relics_obtained":["Golden Idol"],"max_hp_gain":0,"max_hp_loss":6,"event_name":"Golden Idol","floor":11,"gold_loss":0},{"damage_healed":0,"gold_gain":75,"player_choice":"Gather Gold","damage_taken":11,"max_hp_gain":0,"max_hp_loss":0,"event_name":"World of Goop","floor":14,"gold_loss":0},{"damage_healed":0,"gold_gain":0,"player_choice":"Paid Gold","damage_taken":0,"relics_obtained":["Kunai"],"max_hp_gain":0,"max_hp_loss":0,"event_name":"WeMeetAgain","floor":19,"gold_loss":97}],"is_beta":false,"boss_relics":[{"not_picked":["Calling Bell","Empty Cage"],"picked":"Astrolabe"}],"items_purged_floors":[],"is_endless":false,"potions_floor_spawned":[2,3,10],"killed_by":"Centurion and Healer","ascension_level":20,"potion_discard_per_floor":[[],[],[],[],[],[],[],[],[],[],[],[],[],[],[],[],[],[],[],[],[]]}