{"neow_bonuses_skipped_log":["ONE_RANDOM_RARE_CARD","HUNDRED_GOLD","BOSS_RELIC"],"potions_obtained_entropic_brew":[[],[],[],[],[],[],[],[],[],[],[],[],[],[],[],[],[],[],[],[],[],[],[],[],[],[],[],[],[],[],[],[],[],[],[],[],[],[],[],[],[],[],[],[],[],[],[],[],[],[],[],[],[],[],[],[],[]],"neow_costs_skipped_log":["NONE","NONE","NONE"],"gold_per_floor":[13,13,28,48,48,75,87,114,159,184,24,41,41,76,76,155,155,168,168,182,22,22,22,74,18,18,43,55,66,66,86,86,165,165,176,18,34,51,62,91,105,135,159,159,178,209,219,231,231,231,231,231,231,103,138,138],"floor_reached":57,"playtime":7815,"items_purged":["Anger","Strike_R+1"],"score":2782,"play_id":"06ff2073-b88b-453a-a6db-969d62307338","local_time":"20230102180547","score_breakdown":["Floors Climbed (57): 285","Enemies Slain (18): 36","Exordium Elites Killed (4): 40","City Elites Killed (2): 40","Beyond Elites Killed (3): 90","Bosses Slain (5): 750","Stuffed: 50","Ascension (20): 1241","Heartbreaker: 250"],"is_ascension_mode":true,"potions_obtained_alchemize":[[],[],[],[],[],[],[],[],[],[],[],[],[],[],[],[],[],[],[],[],[],[],[],[],[],[],[],[],[],[],[],[],[],[],[],[],[],[],[],[],[],[],[],[],[],[],[],[],[],[],[],[],[],[],[],[],[]],"campfire_choices":[{"data":"Berserk","floor":15,"key":"SMITH"},{"data":"Immolate","floor":23,"key":"SMITH"},{"data":"Blood for Blood","floor":30,"key":"SMITH"},{"data":"Exhume","floor":32,"key":"SMITH"},{"floor":49,"key":"RECALL"},{"floor":53,"key":"REST"}],"lesson_learned_per_floor":[[],[],[],[],[],[],[],[],[],[],[],[],[],[],[],[],[],[],[],[],[],[],[],[],[],[],[],[],[],[],[],[],[],[],[],[],[],[],[],[],[],[],[],[],[],[],[],[],[],[],[],[],[],[],[],[],[]],"neow_cost":"NO_GOLD","improvable_cards":{},"seed_source_timestamp":4023123076652393490,"shop_contents":[{"floor":11,"relics":["Anchor","Cauldron"],"cards":["Whirlwind","Searing Blow","Flex","Shockwave","Feel No Pain","PanicButton","Thinking Ahead"],"potions":["EntropicBrew","Fruit Juice","Dexterity Potion"]},{"floor":13,"relics":["Gambling Chip","Bronze Scales","ClockworkSouvenir"],"cards":["Whirlwind","Perfected Strike","Entrench","Warcry","Evolve","Deep Breath","Sadistic Nature"],"potions":["Fruit Juice","SkillPotion","SpeedPotion"]},{"floor":21,"relics":["Akabeko","Pen Nib"],"cards":["Clash","Sever Soul","Warcry","Rage","Brutality","Blind","Violence"],"potions":["DistilledChaos","Swift Potion","EntropicBrew"]},{"floor":25,"relics":["Dream Catcher","Potion Belt","OrangePellets"],"cards":["Rampage","Reckless Charge","Armaments","Shockwave","Metallicize","Finesse","Metamorphosis"],"potions":["Weak Potion","DuplicationPotion"]},{"floor":36,"relics":["Calipers","Girya","Chemical X"],"cards":["Sever Soul","Havoc","Flex","Evolve","Good Instincts","Mayhem"],"potions":["Strength Potion","Explosive Potion","ElixirPotion"]},{"floor":54,"relics":["Pantograph","Vajra","Lee\u0027s Waffle"],"cards":["Bludgeon","Anger","Infernal Blade","Battle Trance","Inflame","Enlightenment","The Bomb"],"potions":["SmokeBomb","Fire Potion"]}],"circlet_count":0,"master_deck":["AscendersBane","Strike_R+1","Strike_R+1","Defend_R+1","Defend_R+1","Defend_R+1","Defend_R+1","Bash+1","Infernal Blade","Iron Wave","Feed","Disarm","Berserk+1","Flame Barrier","Shrug It Off","Immolate+1","Shrug It Off+1","Hemokinesis","Blood for Blood+1","Pommel Strike","Exhume+1","Spot Weakness","Brutality","Shockwave+1","Reaper","Warcry+1","Bloodletting","Pommel Strike+1","Barricade","Battle Trance","Evolve","Dark Embrace","Disarm"],"potion_use_per_floor":[[],[],[],[],[],["SkillPotion"],[],["Weak Potion"],[],[],[],["BloodPotion"],[],["Dexterity Potion"],[],[],[],[],[],[],[],[],[],["SneckoOil"],[],[],[],[],["Fire Potion"],[],[],[],["BlessingOfTheForge"],[],[],[],[],[],[],["ColorlessPotion"],[],[],[],[],[],["Energy Potion"],[],[],[],[],[],[],[],[],[],["Ancient Potion"],[]],"relics":["Burning Blood","Self Forming Clay","Darkstone Periapt","Omamori","Toy Ornithopter","Red Skull","War Paint","Velvet Choker","Toolbox","Centennial Puzzle","Dead Branch","Boot","Fusion Hammer","InkBottle","Smiling Mask","Bag of Marbles","Shuriken"],"potions_floor_usage":[6,8,12,14,24,29,33,40,46,56],"damage_taken":[{"damage":8,"enemies":"2 Louse","floor":1,"turns":3},{"damage":7,"enemies":"Small Slimes","floor":3,"turns":3},{"damage":7,"enemies":"Jaw Worm","floor":4,"turns":3},{"damage":25,"enemies":"3 Sentries","floor":6,"turns":8},{"damage":10,"enemies":"Red Slaver","floor":7,"turns":3},{"damage":19,"enemies":"Gremlin Nob","floor":8,"turns":4},{"damage":44,"enemies":"3 Sentries","floor":10,"turns":12},{"damage":1,"enemies":"Blue Slaver","floor":12,"turns":3},{"damage":17,"enemies":"Lagavulin","floor":14,"turns":7},{"damage":24,"enemies":"Hexaghost","floor":16,"turns":9},{"damage":18,"enemies":"Chosen","floor":18,"turns":5},{"damage":8,"enemies":"3 Byrds","floor":20,"turns":6},{"damage":23,"enemies":"Slavers","floor":24,"turns":7},{"damage":4,"enemies":"Gremlin Leader","floor":27,"turns":4},{"damage":8,"enemies":"Snecko","floor":28,"turns":4},{"damage":5,"enemies":"Sentry and Sphere","floor":29,"turns":4},{"damage":7,"enemies":"Snake Plant","floor":31,"turns":4},{"damage":54,"enemies":"Champ","floor":33,"turns":17},{"damage":11,"enemies":"3 Shapes","floor":35,"turns":12},{"damage":7,"enemies":"Orb Walker","floor":37,"turns":6},{"damage":6,"enemies":"Transient","floor":38,"turns":6},{"damage":22,"enemies":"Writhing Mass","floor":39,"turns":8},{"damage":17,"enemies":"Nemesis","floor":40,"turns":7},{"damage":28,"enemies":"4 Shapes","floor":41,"turns":11},{"damage":65,"enemies":"Giant Head","floor":42,"turns":9},{"damage":19,"enemies":"Sphere and 2 Shapes","floor":45,"turns":32},{"damage":15,"enemies":"Reptomancer","floor":46,"turns":7},{"damage":16,"enemies":"3 Darklings","floor":47,"turns":22},{"damage":6,"enemies":"Maw","floor":48,"turns":9},{"damage":49,"enemies":"Awakened One","floor":50,"turns":14},{"damage":39,"enemies":"Time Eater","floor":51,"turns":14},{"damage":95,"enemies":"Shield and Spear","floor":55,"turns":9},{"damage":58,"enemies":"The Heart","floor":56,"turns":15}],"green_key_taken_log":42,"seed_played":"7898521099966816684","neow_bonus_log":{"cardsObtained":[],"cardsUpgraded":[],"cardsRemoved":[],"cardsTransformed":[],"relicsObtained":[],"maxHpGained":14,"goldGained":0,"damageTaken":0,"goldLost":99,"maxHpLost":0},"potions_obtained":[{"floor":1,"key":"Weak Potion"},{"floor":3,"key":"SkillPotion"},{"floor":6,"key":"BloodPotion"},{"floor":10,"key":"Fire Potion"},{"floor":12,"key":"Dexterity Potion"},{"floor":20,"key":"SneckoOil"},{"floor":29,"key":"Energy Potion"},{"floor":33,"key":"Energy Potion"},{"floor":39,"key":"ColorlessPotion"},{"floor":41,"key":"Weak Potion"},{"floor":46,"key":"LiquidBronze"}],"is_trial":false,"path_per_floor":["M","?","M","M","?","E","M","E","T","E","$","M","$","E","R","B",null,"M","?","M","$","?","R","E","$","T","E","M","M","R","M","R","B",null,"M","$","M","M","M","E","M","E","T","?","M","E","M","M","R","B","B",null,"R","$","E","B",null],"character_chosen":"IRONCLAD","items_purchased":["Red Skull","Toolbox","BlessingOfTheForge","Reaper","Ancient Potion"],"campfire_rested":1,"item_purchase_floors":[11,21,25,36,54],"current_hp_per_floor":[80,80,79,78,78,59,58,48,48,13,13,46,46,43,43,25,84,72,72,73,73,73,73,64,64,64,69,70,84,84,87,87,48,111,115,115,127,144,141,138,144,106,106,98,101,143,172,175,175,149,130,171,185,185,144,118],"gold":138,"neow_bonus":"TWENTY_PERCENT_HP_BONUS","is_prod":false,"is_daily":false,"rewards_skipped":[{"floor":31,"relics":[],"potions":["SpeedPotion"]},{"floor":38,"relics":[],"potions":["LiquidBronze"]},{"floor":42,"relics":[],"potions":["FearPotion"]}],"chose_seed":false,"campfire_upgraded":4,"win_rate":0,"floor_exit_playtime":[118,151,191,236,242,419,444,600,609,795,863,958,1011,1182,1201,1461,1557,1632,1854,1969,2010,2015,2065,2213,2320,2330,2445,2574,2733,2738,2843,2945,3424,3462,3676,3719,3900,4091,4347,4555,4896,5149,5152,5163,5553,5756,6254,6438,6441,6750,7024,7038,7042,7074,7365,7815],"timestamp":1672700747,"blue_key_relic_skipped_log":{"floor":43,"relicID":"Blood Vial"},"path_taken":["M","?","M","M","?","E","M","E","T","E","$","M","?","E","R","BOSS","M","?","M","$","?","R","E","?","T","E","?","M","R","M","R","BOSS","M","$","M","M","M","E","M","E","T","?","M","E","M","?","R","BOSS","BOSS","R","$","E","BOSS"],"build_version":"2022-12-18","purchased_purges":2,"victory":true,"max_hp_per_floor":[89,89,89,89,89,89,92,95,95,98,98,101,101,104,104,104,104,104,104,107,107,107,107,110,110,110,113,116,124,124,128,128,132,132,141,141,144,144,147,150,158,158,158,158,164,168,172,175,175,182,185,185,185,185,189,192],"relic_stats":{"Darkstone Periapt":0,"counters":[33,287],"Self Forming Clay":[543],"Dead Branch":[365],"Omamori":0,"War Paint":["Defend_R","Defend_R"],"Boot":[78],"Smiling Mask":50,"Burning Blood":190,"Centennial Puzzle":[60],"Shuriken":[5],"obtain_stats":[{"Darkstone Periapt":8,"Self Forming Clay":6,"Dead Branch":26,"Velvet Choker":17,"Omamori":9,"War Paint":14,"Boot":27,"Smiling Mask":42,"Burning Blood":0,"Centennial Puzzle":24,"Shuriken":55,"Toolbox":21,"Fusion Hammer":34,"Bag of Marbles":46,"Toy Ornithopter":10,"Red Skull":11,"InkBottle":40},{"Darkstone Periapt":6,"Self Forming Clay":4,"Dead Branch":13,"Velvet Choker":10,"Omamori":6,"War Paint":9,"Boot":14,"Smiling Mask":25,"Burning Blood":0,"Centennial Puzzle":13,"Shuriken":32,"Toolbox":12,"Fusion Hammer":18,"Bag of Marbles":27,"Toy Ornithopter":7,"Red Skull":7,"InkBottle":23},{"Darkstone Periapt":24,"Self Forming Clay":17,"Dead Branch":73,"Velvet Choker":55,"Omamori":24,"War Paint":46,"Boot":77,"Smiling Mask":165,"Burning Blood":0,"Centennial Puzzle":73,"Shuriken":272,"Toolbox":66,"Fusion Hammer":106,"Bag of Marbles":204,"Toy Ornithopter":36,"Red Skull":36,"InkBottle":145}],"Toy Ornithopter":40,"InkBottle":[53]},"card_choices":[{"not_picked":["Disarm","Cleave"],"picked":"Anger","floor":1},{"not_picked":["Seeing Red","Clothesline"],"picked":"Infernal Blade","floor":3},{"not_picked":["Clash","Intimidate"],"picked":"Iron Wave","floor":4},{"not_picked":["Infernal Blade","Intimidate"],"picked":"Feed","floor":6},{"not_picked":["Cleave","Body Slam"],"picked":"Disarm","floor":7},{"not_picked":["Havoc","True Grit"],"picked":"Berserk","floor":8},{"not_picked":["Wild Strike","Iron Wave"],"picked":"Flame Barrier","floor":10},{"not_picked":["Armaments","Twin Strike"],"picked":"Shrug It Off","floor":12},{"not_picked":["Anger","Sword Boomerang","Flex"],"picked":"SKIP","floor":14},{"not_picked":["Impervious","Exhume"],"picked":"Immolate","floor":16},{"not_picked":["Sever Soul","Warcry"],"picked":"Shrug It Off+1","floor":18},{"not_picked":["Thunderclap","Cleave"],"picked":"Pommel Strike","floor":20},{"not_picked":["Carnage","Cleave","Havoc"],"picked":"SKIP","floor":24},{"not_picked":["Sever Soul+1","Double Tap"],"picked":"Exhume","floor":27},{"not_picked":["Havoc","Heavy Blade","Flex"],"picked":"SKIP","floor":28},{"not_picked":["Sword Boomerang","Flex+1","Clothesline"],"picked":"SKIP","floor":29},{"not_picked":["Heavy Blade","Blood for Blood"],"picked":"Spot Weakness","floor":31},{"not_picked":["Exhume","Feed"],"picked":"Brutality","floor":33},{"not_picked":["Spot Weakness","Havoc"],"picked":"Shockwave+1","floor":35},{"not_picked":["Battle Trance","Dual Wield"],"picked":"Warcry+1","floor":37},{"not_picked":["Wild Strike","Uppercut"],"picked":"Bloodletting","floor":38},{"not_picked":["Sword Boomerang+1","Cleave"],"picked":"Pommel Strike+1","floor":39},{"not_picked":["Rupture","Anger+1"],"picked":"Barricade","floor":40},{"not_picked":["Dual Wield","Clothesline","Carnage"],"picked":"SKIP","floor":41},{"not_picked":["True Grit","Double Tap","Uppercut"],"picked":"SKIP","floor":42},{"not_picked":["Rage","Iron Wave"],"picked":"Battle Trance","floor":45},{"not_picked":["Rampage","Pummel"],"picked":"Evolve","floor":46},{"not_picked":["Metallicize+1","Twin Strike+1","Ghostly Armor"],"picked":"SKIP","floor":47},{"not_picked":["Evolve","Perfected Strike"],"picked":"Dark Embrace","floor":48},{"not_picked":["Body Slam+1","Bludgeon"],"picked":"Disarm","floor":55}],"player_experience":4881252,"relics_obtained":[{"floor":6,"key":"Self Forming Clay"},{"floor":8,"key":"Darkstone Periapt"},{"floor":9,"key":"Omamori"},{"floor":10,"key":"Toy Ornithopter"},{"floor":14,"key":"War Paint"},{"floor":24,"key":"Centennial Puzzle"},{"floor":26,"key":"Dead Branch"},{"floor":27,"key":"Boot"},{"floor":40,"key":"InkBottle"},{"floor":42,"key":"Smiling Mask"},{"floor":46,"key":"Bag of Marbles"},{"floor":55,"key":"Shuriken"}],"event_choices":[{"damage_healed":0,"gold_gain":0,"player_choice":"Grow","damage_taken":0,"max_hp_gain":0,"max_hp_loss":0,"event_name":"Living Wall","floor":2,"gold_loss":0,"cards_upgraded":["Bash"]},{"damage_healed":0,"gold_gain":0,"player_choice":"Ignored","damage_taken":0,"max_hp_gain":0,"max_hp_loss":0,"event_name":"Liars Game","floor":5,"gold_loss":0},{"damage_healed":0,"gold_gain":0,"cards_transformed":["Strike_R","Strike_R"],"player_choice":"Became Test Subject","damage_taken":0,"max_hp_gain":0,"max_hp_loss":0,"event_name":"Drug Dealer","floor":19,"gold_loss":0,"cards_obtained":["Hemokinesis","Blood for Blood"]},{"damage_healed":0,"gold_gain":0,"player_choice":"Simplicity","damage_taken":0,"max_hp_gain":0,"max_hp_loss":0,"event_name":"Back to Basics","floor":22,"gold_loss":0,"cards_upgraded":["Strike_R","Strike_R","Strike_R","Defend_R","Defend_R"]},{"damage_healed":0,"gold_gain":0,"player_choice":"Bought 0 Potions","damage_taken":0,"max_hp_gain":0,"max_hp_loss":0,"event_name":"The Woman in Blue","floor":44,"gold_loss":0}],"is_beta":false,"boss_relics":[{"not_picked":["Mark of Pain","Runic Dome"],"picked":"Velvet Choker"},{"not_picked":["Busted Crown","Sozu"],"picked":"Fusion Hammer"}],"items_purged_floors":[36,54],"is_endless":false,"potions_floor_spawned":[1,3,6,10,12,20,29,31,33,38,39,41,42,46],"ascension_level":20,"potion_discard_per_floor":[[],[],[],[],[],[],[],[],[],[],[],[],[],[],[],[],[],[],[],[],[],[],[],[],[],[],[],[],[],[],[],[],[],[],[],[],[],[],["Energy Potion"],[],[],[],[],[],[],[],[],[],[],[],[],[],[],["LiquidBronze"],[],[],[]]}