{"neow_bonuses_skipped_log":["ONE_RANDOM_RARE_CARD","THREE_ENEMY_KILL","BOSS_RELIC"],"potions_obtained_entropic_brew":[[],[],[],[],[],[],[],[],[],[],[],[],[],[],[],[],[],[],[],[],[],[],[],[],[],[],[],[],[],[],[],[],[],[],[],[],[],[],[],[],[],[],[],[]],"neow_costs_skipped_log":["NONE","NONE","NONE"],"gold_per_floor":[115,133,58,78,94,94,113,113,113,38,65,82,94,144,144,221,221,299,309,309,70,70,95,20,51,51,51,71,71,145,235,235,344,344,389,141,152,152,179,179,256,269,294,294],"floor_reached":44,"playtime":3043,"items_purged":["Strike_P"],"score":1090,"play_id":"3f7db4c7-3a36-4c31-ab9c-ab8b51b7d52c","local_time":"20240211220114","score_breakdown":["Floors Climbed (44): 220","Enemies Slain (15): 30","Exordium Elites Killed (1): 10","City Elites Killed (3): 60","Beyond Elites Killed (0): 0","Bosses Slain (2): 150","Champion (1): 25","Perfect (1): 50","Ascension (20): 545"],"is_ascension_mode":true,"potions_obtained_alchemize":[[],[],[],[],[],[],[],[],[],[],[],[],[],[],[],[],[],[],[],[],[],[],[],[],[],[],[],[],[],[],[],[],[],[],[],[],[],[],[],[],[],[],[],[]],"campfire_choices":[{"data":"Eruption","floor":6,"key":"SMITH"},{"floor":8,"key":"REST"},{"data":"Omniscience","floor":15,"key":"SMITH"},{"data":"ClearTheMind","floor":29,"key":"SMITH"},{"data":"Omniscience","floor":32,"key":"SMITH"},{"floor":40,"key":"REST"}],"lesson_learned_per_floor":[[],[],[],[],[],[],[],[],[],[],[],[],[],[],[],[],[],[],[],[],[],[],[],[],[],[],[],[],[],[],[],[],[],[],["EmptyMind"],[],[],[],[],[],["Vigilance"],[],[],[]],"neow_cost":"PERCENT_DAMAGE","improvable_cards":{},"seed_source_timestamp":27124467910004,"shop_contents":[{"floor":10,"relics":["Torii","Ornamental Fan","Sling"],"cards":["CrushJoints","Ragnarok","Crescendo","Perseverance","Wireheading","Dramatic Entrance","Apotheosis"],"potions":["SkillPotion","GamblersBrew","Block Potion"]},{"floor":21,"relics":["Bottled Lightning","Blue Candle"],"cards":["SignatureMove","FlurryOfBlows","Crescendo","LikeWater","Blind","Panache"],"potions":["LiquidMemories","BlessingOfTheForge","Ancient Potion"]},{"floor":27,"relics":["Incense Burner","Toxic Egg 2","Cauldron"],"cards":["FlyingSleeves","WheelKick","Halt","Swivel","Fasting2","Bandage Up","Master of Strategy"],"potions":["SkillPotion","Strength Potion","Block Potion"]},{"floor":36,"relics":["Girya","Strange Spoon"],"cards":["Weave","ThirdEye","Pray","LikeWater","Blind","Transmutation"],"potions":["LiquidBronze","LiquidBronze","Energy Potion"]}],"circlet_count":0,"master_deck":["AscendersBane","Eruption+1","Vigilance+1","Ragnarok","EmptyMind+1","Wireheading","Weave","Omniscience+1","CutThroughFate","Omniscience+1","Wish+1","FlurryOfBlows+1","ThirdEye+1","ClearTheMind+1","InnerPeace","CutThroughFate","JustLucky","LessonLearned","CutThroughFate+1","Wallop"],"potion_use_per_floor":[[],[],[],[],[],[],[],[],[],[],[],[],[],[],[],[],[],[],[],[],[],[],["SteroidPotion"],[],[],[],[],[],[],[],[],[],[],[],[],[],["Fruit Juice"],[],[],[],[],[],[],["BottledMiracle","DuplicationPotion"]],"relics":["PureWater","Yang","Pantograph","Astrolabe","Lee\u0027s Waffle","Gambling Chip","Bronze Scales","Vajra","Omamori","Runic Dome","Anchor","Toy Ornithopter"],"potions_floor_usage":[23,37,44,44],"damage_taken":[{"damage":0,"enemies":"Jaw Worm","floor":1,"turns":4},{"damage":6,"enemies":"Cultist","floor":2,"turns":3},{"damage":1,"enemies":"Small Slimes","floor":4,"turns":3},{"damage":6,"enemies":"Red Slaver","floor":5,"turns":4},{"damage":9,"enemies":"Exordium Wildlife","floor":7,"turns":4},{"damage":13,"enemies":"Gremlin Nob","floor":11,"turns":3},{"damage":0,"enemies":"Blue Slaver","floor":12,"turns":2},{"damage":0,"enemies":"Large Slime","floor":13,"turns":3},{"damage":21,"enemies":"The Guardian","floor":16,"turns":13},{"damage":16,"enemies":"3 Byrds","floor":18,"turns":6},{"damage":0,"enemies":"Spheric Guardian","floor":19,"turns":3},{"damage":20,"enemies":"Slavers","floor":23,"turns":4},{"damage":0,"enemies":"Book of Stabbing","floor":25,"turns":2},{"damage":0,"enemies":"Snake Plant","floor":28,"turns":1},{"damage":0,"enemies":"Shelled Parasite and Fungi","floor":30,"turns":1},{"damage":19,"enemies":"Gremlin Leader","floor":31,"turns":5},{"damage":0,"enemies":"Champ","floor":33,"turns":5},{"damage":69,"enemies":"3 Shapes","floor":35,"turns":25},{"damage":0,"enemies":"Orb Walker","floor":37,"turns":2},{"damage":7,"enemies":"3 Darklings","floor":41,"turns":4},{"damage":0,"enemies":"Transient","floor":42,"turns":6},{"damage":36,"enemies":"Nemesis","floor":44,"turns":7}],"green_key_taken_log":31,"seed_played":"-3268528539794882252","neow_bonus_log":{"cardsObtained":["Ragnarok","EmptyMind"],"cardsUpgraded":[],"cardsRemoved":[],"cardsTransformed":["Defend_P","Defend_P"],"relicsObtained":[],"maxHpGained":0,"goldGained":0,"damageTaken":18,"goldLost":0,"maxHpLost":0},"potions_obtained":[{"floor":1,"key":"DuplicationPotion"},{"floor":2,"key":"Fire Potion"},{"floor":19,"key":"SteroidPotion"},{"floor":31,"key":"SpeedPotion"},{"floor":33,"key":"Fruit Juice"},{"floor":37,"key":"BottledMiracle"}],"is_trial":false,"path_per_floor":["M","M","?","M","M","R","M","R","T","$","E","M","M","?","R","B",null,"M","M","?","$","?","E","?","E","T","$","M","R","M","E","R","B",null,"M","$","M","?","T","R","M","M","T","E"],"character_chosen":"WATCHER","basemod:card_modifiers":[null,null,null,null,null,null,null,null,null,null,null,null,null,null,null,null,null,null,null,null],"items_purchased":["InnerPeace","Lee\u0027s Waffle","Anchor","Wallop"],"campfire_rested":2,"item_purchase_floors":[21,21,36,36],"current_hp_per_floor":[43,37,37,36,30,30,21,41,41,41,28,28,28,28,28,32,59,43,43,43,75,75,55,55,55,55,55,55,55,55,36,36,61,72,3,3,8,8,8,32,25,25,25,0],"gold":294,"neow_bonus":"TRANSFORM_TWO_CARDS","is_prod":false,"is_daily":false,"rewards_skipped":[{"floor":7,"relics":[],"potions":["Swift Potion"]},{"floor":16,"relics":[],"potions":["Energy Potion"]},{"floor":20,"relics":[],"potions":["FearPotion","Regen Potion"]},{"floor":41,"relics":[],"potions":["ColorlessPotion"]}],"chose_seed":false,"campfire_upgraded":4,"win_rate":0,"floor_exit_playtime":[60,91,109,150,191,198,258,261,264,277,340,366,417,420,433,611,650,827,905,909,931,936,1050,1067,1156,1161,1170,1242,1251,1307,1472,1480,1629,1662,2122,2173,2286,2292,2300,2305,2443,2685,2691],"timestamp":1707706874,"blue_key_relic_skipped_log":{"floor":43,"relicID":"Art of War"},"path_taken":["M","M","?","M","M","R","?","R","T","$","E","M","M","?","R","BOSS","M","M","?","$","?","E","?","E","T","$","M","R","M","E","R","BOSS","M","$","M","?","?","R","?","M","T","E"],"build_version":"2022-12-18","purchased_purges":1,"victory":false,"max_hp_per_floor":[68,68,68,68,68,68,68,68,68,68,68,68,68,68,68,68,68,68,68,68,75,75,75,75,75,75,75,75,75,75,75,75,75,75,75,75,80,80,80,80,80,80,80,80],"relic_stats":{"Lee\u0027s Waffle":32,"counters":[22,110],"Pantograph":50,"Astrolabe":["Wish","FlurryOfBlows","ThirdEye"],"Gambling Chip":[28],"Bronze Scales":[120],"Yang":[263],"Omamori":0,"PureWater":[19],"obtain_stats":[{"Runic Dome":34,"Lee\u0027s Waffle":21,"Anchor":36,"Pantograph":11,"Astrolabe":17,"Gambling Chip":23,"Bronze Scales":25,"Vajra":26,"Yang":9,"Omamori":31,"PureWater":0,"Toy Ornithopter":39},{"Runic Dome":17,"Lee\u0027s Waffle":11,"Anchor":18,"Pantograph":6,"Astrolabe":9,"Gambling Chip":12,"Bronze Scales":13,"Vajra":13,"Yang":5,"Omamori":16,"PureWater":0,"Toy Ornithopter":19},{"Runic Dome":66,"Lee\u0027s Waffle":48,"Anchor":91,"Pantograph":21,"Astrolabe":39,"Gambling Chip":52,"Bronze Scales":54,"Vajra":54,"Yang":18,"Omamori":61,"PureWater":0,"Toy Ornithopter":93}],"Toy Ornithopter":10},"card_choices":[{"not_picked":["FlyingSleeves","WheelKick"],"picked":"Wireheading","floor":1},{"not_picked":["SashWhip","Worship","EmptyBody"],"picked":"SKIP","floor":2},{"not_picked":["ThirdEye","Collect"],"picked":"Weave","floor":4},{"not_picked":["ReachHeaven","FlyingSleeves","BattleHymn"],"picked":"SKIP","floor":7},{"not_picked":["SignatureMove","ClearTheMind"],"picked":"Omniscience","floor":11},{"not_picked":["Indignation","Prostrate"],"picked":"CutThroughFate","floor":12},{"not_picked":["FlyingSleeves","SashWhip","ForeignInfluence"],"picked":"SKIP","floor":13},{"not_picked":["MasterReality","DevaForm"],"picked":"Omniscience","floor":16},{"not_picked":["FlyingSleeves","SashWhip","Wireheading"],"picked":"SKIP","floor":18},{"not_picked":["FlyingSleeves","WheelKick"],"picked":"ClearTheMind","floor":19},{"not_picked":["Swivel","Conclude","FlyingSleeves+1"],"picked":"SKIP","floor":23},{"not_picked":["BattleHymn+1","ThirdEye+1","FollowUp"],"picked":"SKIP","floor":25},{"not_picked":["WindmillStrike","SandsOfTime","Meditate"],"picked":"SKIP","floor":28},{"not_picked":["FlyingSleeves+1","EmptyBody"],"picked":"CutThroughFate","floor":30},{"not_picked":["Crescendo","SpiritShield"],"picked":"JustLucky","floor":31},{"not_picked":["Ragnarok","Omniscience"],"picked":"LessonLearned","floor":33},{"not_picked":["ThirdEye","LikeWater"],"picked":"CutThroughFate+1","floor":35},{"not_picked":["Consecrate","FlyingSleeves","Halt"],"picked":"SKIP","floor":37},{"not_picked":["WreathOfFlame+1","WheelKick+1","WindmillStrike"],"picked":"SKIP","floor":41},{"not_picked":["Consecrate","Weave","SignatureMove"],"picked":"SKIP","floor":42},{"not_picked":["Consecrate","Weave","SignatureMove"],"picked":"SKIP","floor":42}],"player_experience":6019193,"relics_obtained":[{"floor":9,"key":"Yang"},{"floor":11,"key":"Pantograph"},{"floor":23,"key":"Gambling Chip"},{"floor":25,"key":"Bronze Scales"},{"floor":26,"key":"Vajra"},{"floor":31,"key":"Omamori"},{"floor":39,"key":"Toy Ornithopter"}],"event_choices":[{"cards_removed":["Strike_P"],"damage_healed":0,"gold_gain":0,"player_choice":"Card Removal","damage_taken":0,"max_hp_gain":0,"max_hp_loss":0,"event_name":"The Cleric","floor":3,"gold_loss":75},{"damage_healed":0,"gold_gain":50,"player_choice":"Pray","damage_taken":0,"max_hp_gain":0,"max_hp_loss":0,"event_name":"Golden Shrine","floor":14,"gold_loss":0},{"damage_healed":0,"gold_gain":0,"player_choice":"Got Potions","damage_taken":0,"max_hp_gain":0,"max_hp_loss":0,"event_name":"Lab","floor":20,"gold_loss":0},{"damage_healed":0,"gold_gain":0,"player_choice":"Ignored","damage_taken":0,"max_hp_gain":0,"max_hp_loss":0,"event_name":"Vampires","floor":22,"gold_loss":0},{"cards_removed":["Defend_P"],"damage_healed":0,"gold_gain":0,"player_choice":"Gave Gold","damage_taken":0,"max_hp_gain":0,"max_hp_loss":0,"event_name":"Beggar","floor":24,"gold_loss":75},{"damage_healed":0,"gold_gain":0,"player_choice":"Ignored","damage_taken":0,"max_hp_gain":0,"max_hp_loss":0,"event_name":"Mysterious Sphere","floor":38,"gold_loss":0}],"is_beta":false,"boss_relics":[{"not_picked":["Cursed Key","Black Star"],"picked":"Astrolabe"},{"not_picked":["Velvet Choker","Pandora\u0027s Box"],"picked":"Runic Dome"}],"items_purged_floors":[10],"is_endless":false,"potions_floor_spawned":[1,2,7,16,19,31,33,37,41],"killed_by":"Nemesis","ascension_level":20,"potion_discard_per_floor":[[],[],[],[],[],[],[],[],[],[],[],[],[],[],[],[],[],[],["Fire Potion"],[],[],[],[],[],[],[],[],[],[],[],[],[],["SpeedPotion"],[],[],[],[],[],[],[],[],[],[],[]]}