{"neow_bonuses_skipped_log":["RANDOM_COLORLESS","THREE_SMALL_POTIONS","BOSS_RELIC"],"potions_obtained_entropic_brew":[[],[],[],[],[],[],[],[],[],[],[],[],[],[],[],[]],"neow_costs_skipped_log":["NONE","NONE","NONE"],"gold_per_floor":[364,383,94,94,106,136,136,169,169,169,9,26,26,61,61,61],"floor_reached":16,"playtime":637,"items_purged":["Pain","Defend_P"],"score":286,"play_id":"87e254f8-28a8-4396-ab35-5c3cdb1b8e59","local_time":"20240206223633","score_breakdown":["Floors Climbed (16): 80","Enemies Slain (4): 8","Exordium Elites Killed (3): 30","Bosses Slain (0): 0","Champion (1): 25","Ascension (20): 143"],"is_ascension_mode":true,"potions_obtained_alchemize":[[],[],[],[],[],[],[],[],[],[],[],[],[],[],[],[]],"campfire_choices":[{"data":"Consecrate","floor":7,"key":"SMITH"},{"data":"Adaptation","floor":10,"key":"SMITH"},{"data":"CutThroughFate","floor":13,"key":"SMITH"},{"data":"EmptyMind","floor":15,"key":"SMITH"}],"lesson_learned_per_floor":[[],[],[],[],[],[],[],[],[],[],[],[],[],[],[],[]],"neow_cost":"CURSE","improvable_cards":{},"seed_source_timestamp":16083033319523,"shop_contents":[{"floor":3,"relics":["Singing Bowl","Gremlin Horn"],"cards":["Consecrate","SandsOfTime","Sanctity","Swivel","Blind","Magnetism"],"potions":["Weak Potion","Energy Potion"]},{"floor":11,"relics":["CaptainsWheel","Happy Flower","HandDrill"],"cards":["CarveReality","EmptyBody","Adaptation","Mind Blast","Transmutation"],"potions":["AttackPotion","Weak Potion"]}],"circlet_count":0,"master_deck":["AscendersBane","Strike_P","Strike_P","Strike_P","Strike_P","Defend_P","Defend_P","Defend_P","Eruption+1","Vigilance","Consecrate+1","SandsOfTime","Adaptation+1","EmptyMind","Tantrum","EmptyMind+1","CutThroughFate+1"],"potion_use_per_floor":[[],[],[],[],["Regen Potion"],["DistilledChaos"],[],[],[],[],[],[],[],[],[],["BlessingOfTheForge"]],"relics":["PureWater","Membership Card","Regal Pillow","Pantograph","Potion Belt","Nunchaku"],"potions_floor_usage":[5,6,16],"damage_taken":[{"damage":9,"enemies":"2 Louse","floor":1,"turns":5},{"damage":3,"enemies":"Cultist","floor":2,"turns":2},{"damage":19,"enemies":"Small Slimes","floor":5,"turns":6},{"damage":6,"enemies":"Gremlin Nob","floor":6,"turns":3},{"damage":12,"enemies":"Lagavulin","floor":8,"turns":6},{"damage":0,"enemies":"Looter","floor":12,"turns":2},{"damage":0,"enemies":"Gremlin Nob","floor":14,"turns":2},{"damage":53,"enemies":"Hexaghost","floor":16,"turns":7}],"seed_played":"-8278517653566488787","neow_bonus_log":{"cardsObtained":["Pain"],"cardsUpgraded":[],"cardsRemoved":[],"cardsTransformed":[],"relicsObtained":[],"maxHpGained":0,"goldGained":250,"damageTaken":0,"goldLost":0,"maxHpLost":0},"potions_obtained":[{"floor":2,"key":"Regen Potion"},{"floor":5,"key":"BlessingOfTheForge"},{"floor":12,"key":"Explosive Potion"}],"is_trial":false,"path_per_floor":["M","M","$","?","M","E","R","E","T","R","$","M","R","E","R","B"],"character_chosen":"WATCHER","basemod:card_modifiers":[null,null,null,null,null,null,null,null,null,null,null,null,null,null,null,null,null],"items_purchased":["Membership Card","Adaptation","DistilledChaos","Tantrum","EmptyMind","SteroidPotion"],"campfire_rested":0,"item_purchase_floors":[3,3,3,11,11,11],"current_hp_per_floor":[52,49,49,49,45,39,39,27,27,27,27,27,27,27,27,0],"gold":61,"neow_bonus":"TWO_FIFTY_GOLD","is_prod":false,"is_daily":false,"rewards_skipped":[],"chose_seed":false,"campfire_upgraded":4,"win_rate":0,"floor_exit_playtime":[56,79,151,156,223,262,269,324,327,333,350,382,393,415,424],"timestamp":1707276993,"path_taken":["M","M","$","?","M","E","R","E","T","R","?","M","R","E","R","BOSS"],"build_version":"2022-12-18","purchased_purges":2,"victory":false,"max_hp_per_floor":[68,68,68,68,68,68,68,68,68,68,68,68,68,68,68,68],"relic_stats":{"Regal Pillow":0,"Nunchaku":[1],"counters":[8,33],"Pantograph":25,"Membership Card":281,"PureWater":[4],"obtain_stats":[{"Potion Belt":9,"Regal Pillow":6,"Nunchaku":14,"Pantograph":8,"Membership Card":3,"PureWater":0},{"Potion Belt":5,"Regal Pillow":4,"Nunchaku":7,"Pantograph":5,"Membership Card":2,"PureWater":0},{"Potion Belt":22,"Regal Pillow":16,"Nunchaku":26,"Pantograph":22,"Membership Card":7,"PureWater":0}]},"card_choices":[{"not_picked":["Crescendo","WreathOfFlame"],"picked":"Consecrate","floor":1},{"not_picked":["Halt","Crescendo"],"picked":"SandsOfTime","floor":2},{"not_picked":["Prostrate","ThirdEye","WheelKick"],"picked":"SKIP","floor":5},{"not_picked":["Fasting2","CarveReality"],"picked":"EmptyMind","floor":6},{"not_picked":["Pray","BowlingBash","SignatureMove"],"picked":"SKIP","floor":8},{"not_picked":["Sanctity","Pray"],"picked":"CutThroughFate","floor":12},{"not_picked":["Judgement","WaveOfTheHand","DeceiveReality"],"picked":"SKIP","floor":14}],"player_experience":5904671,"relics_obtained":[{"floor":6,"key":"Regal Pillow"},{"floor":8,"key":"Pantograph"},{"floor":9,"key":"Potion Belt"},{"floor":14,"key":"Nunchaku"}],"event_choices":[{"damage_healed":0,"gold_gain":0,"player_choice":"Forge","damage_taken":0,"max_hp_gain":0,"max_hp_loss":0,"event_name":"Accursed Blacksmith","floor":4,"gold_loss":0,"cards_upgraded":["Eruption"]}],"is_beta":false,"boss_relics":[],"items_purged_floors":[3,11],"is_endless":false,"potions_floor_spawned":[2,5,12],"killed_by":"Hexaghost","ascension_level":20,"potion_discard_per_floor":[[],[],[],[],[],[],[],[],[],[],[],[],[],[],[],[]]}