{"neow_bonuses_skipped_log":["RANDOM_COLORLESS","THREE_RARE_CARDS","BOSS_RELIC"],"neow_costs_skipped_log":["NONE","CURSE","NONE"],"potions_obtained_entropic_brew":[[],[],[],[],[],[],[],[],[],[],[]],"gold_per_floor":[110,124,136,61,79,79,4,39,39,67,67],"floor_reached":11,"playtime":379,"items_purged":["Defend_P"],"score":166,"play_id":"21ab6e8c-93ed-4cf2-aa2f-26f06f7e971e","local_time":"20240219185558","score_breakdown":["Floors Climbed (11): 55","Enemies Slain (4): 8","Exordium Elites Killed (2): 20","Bosses Slain (0): 0","Ascension (20): 83"],"is_ascension_mode":true,"potions_obtained_alchemize":[[],[],[],[],[],[],[],[],[],[],[]],"campfire_choices":[{"data":"Eruption","floor":6,"key":"SMITH"}],"lesson_learned_per_floor":[[],[],[],[],[],[],[],[],[],[],[]],"neow_cost":"NONE","improvable_cards":{},"seed_source_timestamp":20497076992758,"shop_contents":[{"floor":7,"relics":["Art of War","Toxic Egg 2","Melange"],"cards":["SashWhip","WheelKick","EmptyMind","Swivel","Fasting2","Finesse","The Bomb"],"potions":["BlessingOfTheForge","Ancient Potion","Fire Potion"]}],"circlet_count":0,"master_deck":["AscendersBane","Strike_P","Strike_P","Strike_P","Strike_P","Defend_P","Defend_P","Eruption+1","Vigilance","Consecrate","Indignation","ReachHeaven","InnerPeace"],"potion_use_per_floor":[[],[],[],[],[],[],[],["EssenceOfSteel"],[],["Swift Potion","BlessingOfTheForge"],[]],"relics":["PureWater","Damaru","Singing Bowl","Regal Pillow","Letter Opener"],"potions_floor_usage":[8,10,10],"damage_taken":[{"damage":0,"enemies":"2 Louse","floor":1,"turns":4},{"damage":0,"enemies":"Cultist","floor":2,"turns":2},{"damage":2,"enemies":"Jaw Worm","floor":3,"turns":4},{"damage":4,"enemies":"Large Slime","floor":5,"turns":4},{"damage":16,"enemies":"Lagavulin","floor":8,"turns":5},{"damage":32,"enemies":"3 Sentries","floor":10,"turns":4},{"damage":11,"enemies":"Exordium Thugs","floor":11,"turns":1}],"seed_played":"-5569715510530429558","neow_bonus_log":{"cardsObtained":[],"cardsUpgraded":[],"cardsRemoved":[],"cardsTransformed":[],"relicsObtained":["Damaru"],"maxHpGained":0,"goldGained":0,"damageTaken":0,"goldLost":0,"maxHpLost":0},"potions_obtained":[{"floor":3,"key":"EssenceOfSteel"},{"floor":5,"key":"BlessingOfTheForge"},{"floor":8,"key":"Swift Potion"}],"is_trial":false,"path_per_floor":["M","M","M","?","M","R","$","E","T","E","M"],"character_chosen":"WATCHER","basemod:card_modifiers":[null,null,null,null,null,null,null,null,null,null,null,null,null],"items_purchased":[],"campfire_rested":0,"item_purchase_floors":[],"current_hp_per_floor":[61,61,59,59,55,55,55,41,41,9,0],"gold":67,"neow_bonus":"RANDOM_COMMON_RELIC","is_prod":false,"is_daily":false,"rewards_skipped":[],"chose_seed":false,"campfire_upgraded":1,"win_rate":0,"floor_exit_playtime":[59,96,121,128,160,166,179,229,232,334],"timestamp":1708386958,"path_taken":["M","M","M","?","M","R","$","E","T","E","M"],"build_version":"2022-12-18","purchased_purges":1,"victory":false,"max_hp_per_floor":[68,68,68,68,68,68,68,70,70,70,70],"relic_stats":{"Regal Pillow":0,"Singing Bowl":2,"counters":[7,24],"Letter Opener":[10],"PureWater":[6],"obtain_stats":[{"Regal Pillow":9,"Singing Bowl":8,"Damaru":0,"Letter Opener":10,"PureWater":0},{"Regal Pillow":5,"Singing Bowl":5,"Damaru":0,"Letter Opener":6,"PureWater":0},{"Regal Pillow":19,"Singing Bowl":19,"Damaru":0,"Letter Opener":23,"PureWater":0}]},"card_choices":[{"not_picked":["Collect","ThirdEye"],"picked":"Consecrate","floor":1},{"not_picked":["WheelKick","SashWhip"],"picked":"Indignation","floor":2},{"not_picked":["Prostrate","Swivel"],"picked":"ReachHeaven","floor":3},{"not_picked":["FlyingSleeves","Crescendo","Fasting2"],"picked":"SKIP","floor":5},{"not_picked":["Prostrate","ClearTheMind","ReachHeaven"],"picked":"Singing Bowl","floor":8},{"not_picked":["PathToVictory","MentalFortress"],"picked":"InnerPeace","floor":10}],"player_experience":6204349,"relics_obtained":[{"floor":8,"key":"Singing Bowl"},{"floor":9,"key":"Regal Pillow"},{"floor":10,"key":"Letter Opener"}],"event_choices":[{"cards_removed":["Defend_P"],"damage_healed":0,"gold_gain":0,"player_choice":"Card Removal","damage_taken":0,"max_hp_gain":0,"max_hp_loss":0,"event_name":"The Cleric","floor":4,"gold_loss":75}],"is_beta":false,"boss_relics":[],"items_purged_floors":[7],"is_endless":false,"potions_floor_spawned":[3,5,8],"killed_by":"Exordium Thugs","ascension_level":20,"potion_discard_per_floor":[[],[],[],[],[],[],[],[],[],[],[]]}