{"neow_bonuses_skipped_log":["TRANSFORM_CARD","TRANSFORM_TWO_CARDS","BOSS_RELIC"],"neow_costs_skipped_log":["NONE","CURSE","NONE"],"potions_obtained_entropic_brew":[[],[],[],[],[],[],[],[],[],[],[],[],[],[],[],[],[],[],[],[],[],[],[],[],[],[],[],[],[],[],[],[],[],[],[],[],[],[],[],[],[],[],[],[],[],[],[],[],[],[]],"gold_per_floor":[209,229,229,247,31,31,66,66,66,66,102,102,120,145,145,239,239,255,255,268,293,33,33,33,66,66,90,90,15,55,74,74,172,172,195,208,233,508,209,247,271,271,271,302,302,12,31,72,72,72],"floor_reached":50,"playtime":2631,"items_purged":["Defend_P","Defend_P","Regret"],"score":1385,"play_id":"6aa0fffb-2ccc-4148-8914-1f51bf649bce","local_time":"20240229213738","falling_options_log":["Tantrum+1","Establishment+1"],"score_breakdown":["Floors Climbed (50): 250","Enemies Slain (15): 30","Exordium Elites Killed (2): 20","City Elites Killed (2): 40","Beyond Elites Killed (3): 90","Bosses Slain (2): 150","Money Money (1113): 25","Champion (2): 50","Perfect (1): 50","Ascension (20): 680"],"is_ascension_mode":true,"potions_obtained_alchemize":[[],[],[],[],[],[],[],[],[],[],[],[],[],[],[],[],[],[],[],[],[],[],[],[],[],[],[],[],[],[],[],[],[],[],[],[],[],[],[],[],[],[],[],[],[],[],[],[],[],[]],"campfire_choices":[{"data":"Eruption","floor":6,"key":"SMITH"},{"data":"ForeignInfluence","floor":8,"key":"SMITH"},{"data":"TalkToTheHand","floor":12,"key":"SMITH"},{"data":"Tantrum","floor":15,"key":"SMITH"},{"floor":23,"key":"REST"},{"floor":28,"key":"REST"},{"floor":32,"key":"RECALL"},{"floor":42,"key":"REST"},{"floor":49,"key":"REST"}],"lesson_learned_per_floor":[[],[],[],[],[],[],[],[],[],[],[],[],[],[],[],[],[],[],[],[],[],[],[],[],[],[],[],[],[],[],[],[],[],[],[],[],[],[],[],["Vigilance"],["Strike_P"],[],[],["Establishment"],[],[],[],["WaveOfTheHand"],[],[]],"neow_cost":"NONE","improvable_cards":{},"seed_source_timestamp":38062770710461,"shop_contents":[{"floor":5,"relics":["Shuriken","Pear","DollysMirror"],"cards":["WindmillStrike","Weave","Collect","Study","Dark Shackles","HandOfGreed"],"potions":["SkillPotion","Explosive Potion"]},{"floor":22,"relics":["War Paint","Ancient Tea Set"],"cards":["SignatureMove","BowlingBash","Crescendo","Evaluate","Wireheading","Dark Shackles","Secret Technique"],"potions":["Energy Potion","SmokeBomb","Swift Potion"]},{"floor":29,"relics":["Blood Vial","CeramicFish","Cauldron"],"cards":["FollowUp","CrushJoints","Protect","Wireheading","Mind Blast","HandOfGreed"],"potions":["Swift Potion","Strength Potion","Energy Potion"]},{"floor":39,"relics":["HornCleat","Bottled Lightning","Chemical X"],"cards":["Brilliance+1","Indignation","Collect","Nirvana","Bandage Up","The Bomb"],"potions":["AttackPotion","Dexterity Potion","Block Potion"]},{"floor":46,"relics":["Nunchaku","Pen Nib"],"cards":["CrushJoints+1","Weave+1","Nirvana","Deep Breath","Mayhem"],"potions":["DuplicationPotion","Block Potion","Block Potion"]}],"circlet_count":0,"master_deck":["AscendersBane","Strike_P+1","Strike_P","Strike_P","Strike_P","Defend_P","Eruption+1","Vigilance+1","InnerPeace","Tantrum+1","InnerPeace","TalkToTheHand+1","CutThroughFate+1","EmptyMind","Meditate","CutThroughFate+1","WaveOfTheHand+1","CutThroughFate+1","Establishment+1","FearNoEvil+1","LessonLearned+1","Adaptation","Wireheading+1","Wallop+1","Vault","EmptyMind","Scrawl"],"potion_use_per_floor":[[],[],[],["SkillPotion"],[],[],[],[],[],[],[],[],[],[],[],["FearPotion"],[],[],[],["Strength Potion"],[],[],[],[],[],[],[],[],[],[],[],[],["FearPotion"],[],[],[],[],[],[],["PowerPotion"],["SkillPotion"],[],[],[],[],[],["SteroidPotion"],[],[],[]],"relics":["PureWater","Golden Idol","Art of War","StrikeDummy","Potion Belt","Fusion Hammer","Prayer Wheel","Medical Kit","FossilizedHelix","Anchor","Molten Egg 2","SlaversCollar","Boot","Gambling Chip","Membership Card","Smiling Mask"],"potions_floor_usage":[4,16,20,33,40,41,47],"damage_taken":[{"damage":2,"enemies":"2 Louse","floor":1,"turns":4},{"damage":4,"enemies":"Small Slimes","floor":2,"turns":7},{"damage":0,"enemies":"Jaw Worm","floor":4,"turns":3},{"damage":3,"enemies":"Gremlin Nob","floor":7,"turns":3},{"damage":2,"enemies":"3 Sentries","floor":11,"turns":3},{"damage":9,"enemies":"3 Louse","floor":13,"turns":2},{"damage":0,"enemies":"Large Slime","floor":14,"turns":2},{"damage":0,"enemies":"Hexaghost","floor":16,"turns":4},{"damage":12,"enemies":"Shell Parasite","floor":18,"turns":3},{"damage":4,"enemies":"3 Byrds","floor":20,"turns":4},{"damage":9,"enemies":"Snecko","floor":21,"turns":3},{"damage":18,"enemies":"Gremlin Leader","floor":25,"turns":3},{"damage":0,"enemies":"Shelled Parasite and Fungi","floor":27,"turns":2},{"damage":0,"enemies":"Book of Stabbing","floor":30,"turns":3},{"damage":0,"enemies":"Chosen and Byrds","floor":31,"turns":2},{"damage":44,"enemies":"Champ","floor":33,"turns":10},{"damage":0,"enemies":"Orb Walker","floor":35,"turns":3},{"damage":17,"enemies":"3 Shapes","floor":36,"turns":6},{"damage":3,"enemies":"Writhing Mass","floor":37,"turns":6},{"damage":2,"enemies":"Giant Head","floor":40,"turns":5},{"damage":9,"enemies":"3 Darklings","floor":41,"turns":4},{"damage":28,"enemies":"Nemesis","floor":44,"turns":7},{"damage":0,"enemies":"Jaw Worm Horde","floor":47,"turns":4},{"damage":0,"enemies":"Giant Head","floor":48,"turns":6},{"damage":30,"enemies":"Donu and Deca","floor":50,"turns":2}],"green_key_taken_log":30,"seed_played":"4337977036558548424","neow_bonus_log":{"cardsObtained":[],"cardsUpgraded":[],"cardsRemoved":[],"cardsTransformed":[],"relicsObtained":[],"maxHpGained":0,"goldGained":100,"damageTaken":0,"goldLost":0,"maxHpLost":0},"potions_obtained":[{"floor":2,"key":"SkillPotion"},{"floor":7,"key":"FearPotion"},{"floor":14,"key":"Strength Potion"},{"floor":16,"key":"DuplicationPotion"},{"floor":21,"key":"PowerPotion"},{"floor":25,"key":"LiquidBronze"},{"floor":27,"key":"FearPotion"},{"floor":30,"key":"SkillPotion"},{"floor":33,"key":"Dexterity Potion"},{"floor":35,"key":"Weak Potion"},{"floor":37,"key":"SteroidPotion"},{"floor":48,"key":"Dexterity Potion"}],"is_trial":false,"path_per_floor":["M","M","?","M","$","R","E","R","T","?","E","R","M","M","R","B",null,"M","?","M","M","$","R","?","E","T","M","R","$","E","M","R","B",null,"M","M","M","?","$","E","M","R","T","E","?","$","M","E","R","B"],"character_chosen":"WATCHER","basemod:card_modifiers":[null,null,null,null,null,null,null,null,null,null,null,null,null,null,null,null,null,null,null,null,null,null,null,null,null,null,null],"items_purchased":["InnerPeace","FearPotion","Medical Kit","Meditate","LessonLearned+1","Membership Card","Vault","EmptyMind"],"campfire_rested":4,"item_purchase_floors":[5,5,22,29,39,46,46,46],"current_hp_per_floor":[59,55,55,55,55,55,52,52,52,45,43,43,34,34,34,34,55,43,43,39,30,30,48,48,30,30,30,48,48,48,48,48,4,48,48,31,28,28,28,26,17,35,35,7,7,7,7,7,25,0],"gold":72,"neow_bonus":"HUNDRED_GOLD","is_prod":false,"is_daily":false,"rewards_skipped":[],"chose_seed":false,"campfire_upgraded":4,"win_rate":0,"floor_exit_playtime":[53,111,115,150,210,217,250,256,259,264,313,319,343,361,367,411,430,489,494,549,595,613,619,628,671,674,713,717,872,919,1138,1143,1414,1436,1486,1648,1822,1828,1856,1980,2094,2102,2107,2247,2254,2262,2356,2521,2525],"timestamp":1709260658,"blue_key_relic_skipped_log":{"floor":43,"relicID":"Blue Candle"},"path_taken":["M","M","?","M","$","R","E","R","T","?","E","R","M","M","R","BOSS","M","?","M","?","$","R","?","E","T","?","R","?","E","M","R","BOSS","M","M","M","?","$","E","M","R","T","E","?","$","?","E","R","BOSS"],"build_version":"2022-12-18","purchased_purges":3,"victory":false,"max_hp_per_floor":[68,68,62,62,62,62,62,62,62,62,62,62,62,62,62,62,62,62,62,62,62,62,62,62,62,62,62,62,62,62,62,62,62,62,62,62,62,62,62,62,62,62,62,62,62,62,62,62,62,62],"relic_stats":{"counters":[25,101],"Golden Idol":145,"Gambling Chip":[8],"Prayer Wheel":9,"Art of War":[5],"Membership Card":132,"PureWater":[16],"Medical Kit":[12],"Boot":[109],"Smiling Mask":0,"obtain_stats":[{"Potion Belt":11,"Golden Idol":3,"Medical Kit":22,"Boot":40,"Smiling Mask":48,"SlaversCollar":34,"Anchor":26,"Gambling Chip":44,"Prayer Wheel":19,"Molten Egg 2":30,"Fusion Hammer":17,"Art of War":7,"Membership Card":46,"PureWater":0,"StrikeDummy":9,"FossilizedHelix":25},{"Potion Belt":5,"Golden Idol":2,"Medical Kit":11,"Boot":20,"Smiling Mask":24,"SlaversCollar":16,"Anchor":12,"Gambling Chip":22,"Prayer Wheel":9,"Molten Egg 2":14,"Fusion Hammer":8,"Art of War":4,"Membership Card":22,"PureWater":0,"StrikeDummy":4,"FossilizedHelix":12},{"Potion Belt":20,"Golden Idol":11,"Medical Kit":38,"Boot":78,"Smiling Mask":99,"SlaversCollar":58,"Anchor":41,"Gambling Chip":89,"Prayer Wheel":31,"Molten Egg 2":46,"Fusion Hammer":28,"Art of War":17,"Membership Card":89,"PureWater":0,"StrikeDummy":17,"FossilizedHelix":41}],"FossilizedHelix":[83]},"card_choices":[{"not_picked":["JustLucky","Evaluate","CrushJoints"],"picked":"SKIP","floor":1},{"not_picked":["SignatureMove","Protect"],"picked":"InnerPeace","floor":2},{"not_picked":["Protect","EmptyFist"],"picked":"Tantrum","floor":4},{"not_picked":["Wish","WheelKick"],"picked":"ForeignInfluence","floor":7},{"not_picked":["Wireheading","JustLucky"],"picked":"TalkToTheHand","floor":11},{"not_picked":["WaveOfTheHand","LikeWater","Fasting2"],"picked":"SKIP","floor":13},{"not_picked":["PathToVictory","EmptyBody"],"picked":"CutThroughFate","floor":14},{"not_picked":["Alpha","DevaForm","Judgement"],"picked":"SKIP","floor":16},{"not_picked":["BowlingBash+1","SandsOfTime","Evaluate"],"picked":"SKIP","floor":18},{"not_picked":["SignatureMove","EmptyFist","CrushJoints"],"picked":"SKIP","floor":20},{"not_picked":["Prostrate","CrushJoints","EmptyBody+1"],"picked":"SKIP","floor":20},{"not_picked":["BattleHymn","Protect","ClearTheMind"],"picked":"SKIP","floor":21},{"not_picked":["Halt","Crescendo","Protect"],"picked":"SKIP","floor":21},{"not_picked":["Conclude","Evaluate"],"picked":"EmptyMind","floor":25},{"not_picked":["EmptyBody","JustLucky","Blasphemy"],"picked":"SKIP","floor":27},{"not_picked":["Pray","Nirvana","ThirdEye"],"picked":"SKIP","floor":27},{"not_picked":["Fasting2","Indignation"],"picked":"CutThroughFate+1","floor":30},{"not_picked":["CrushJoints+1","ThirdEye"],"picked":"WaveOfTheHand","floor":31},{"not_picked":["Tantrum+1","BattleHymn"],"picked":"CutThroughFate+1","floor":31},{"not_picked":["Judgement","Blasphemy"],"picked":"Establishment","floor":33},{"not_picked":["ReachHeaven+1","Indignation","ThirdEye+1"],"picked":"SKIP","floor":35},{"not_picked":["CutThroughFate+1","Protect+1","WreathOfFlame"],"picked":"SKIP","floor":35},{"not_picked":["ForeignInfluence+1","PathToVictory+1","CutThroughFate+1"],"picked":"SKIP","floor":36},{"not_picked":["BowlingBash+1","CutThroughFate+1","Consecrate+1"],"picked":"SKIP","floor":36},{"not_picked":["Evaluate","WreathOfFlame"],"picked":"FearNoEvil+1","floor":37},{"not_picked":["PathToVictory","CarveReality+1","Halt"],"picked":"SKIP","floor":37},{"not_picked":["WheelKick+1","Prostrate","EmptyBody"],"picked":"SKIP","floor":40},{"not_picked":["Protect","CrushJoints+1"],"picked":"Adaptation","floor":41},{"not_picked":["Crescendo","Consecrate+1"],"picked":"Wireheading+1","floor":41},{"not_picked":["Wireheading","ThirdEye"],"picked":"Wallop+1","floor":44},{"not_picked":["EmptyFist+1","CrushJoints+1","BowlingBash+1"],"picked":"SKIP","floor":47},{"not_picked":["LessonLearned+1","BowlingBash+1","EmptyBody"],"picked":"SKIP","floor":47},{"not_picked":["Blasphemy","CrushJoints+1"],"picked":"Scrawl","floor":48}],"player_experience":6403868,"relics_obtained":[{"floor":7,"key":"Art of War"},{"floor":9,"key":"StrikeDummy"},{"floor":11,"key":"Potion Belt"},{"floor":25,"key":"FossilizedHelix"},{"floor":26,"key":"Anchor"},{"floor":30,"key":"Molten Egg 2"},{"floor":40,"key":"Boot"},{"floor":44,"key":"Gambling Chip"},{"floor":48,"key":"Smiling Mask"}],"event_choices":[{"damage_healed":0,"gold_gain":0,"player_choice":"Lose Max HP","damage_taken":0,"relics_obtained":["Golden Idol"],"max_hp_gain":0,"max_hp_loss":6,"event_name":"Golden Idol","floor":3,"gold_loss":0},{"cards_removed":["Defend_P"],"damage_healed":0,"gold_gain":0,"player_choice":"Card Removal","damage_taken":7,"max_hp_gain":0,"max_hp_loss":0,"event_name":"Golden Wing","floor":10,"gold_loss":0},{"damage_healed":0,"gold_gain":0,"player_choice":"Gave Potion","damage_taken":0,"relics_obtained":["Prayer Wheel"],"max_hp_gain":0,"max_hp_loss":0,"event_name":"WeMeetAgain","floor":19,"gold_loss":0},{"damage_healed":0,"gold_gain":0,"player_choice":"Upgraded","damage_taken":0,"max_hp_gain":0,"max_hp_loss":0,"event_name":"Upgrade Shrine","floor":24,"gold_loss":0,"cards_upgraded":["CutThroughFate"]},{"damage_healed":0,"gold_gain":275,"player_choice":"Desecrate","damage_taken":0,"max_hp_gain":0,"max_hp_loss":0,"event_name":"Golden Shrine","floor":38,"gold_loss":0,"cards_obtained":["Regret"]},{"cards_removed":["ForeignInfluence"],"damage_healed":0,"gold_gain":0,"player_choice":"Removed Skill","damage_taken":0,"max_hp_gain":0,"max_hp_loss":0,"event_name":"Falling","floor":45,"gold_loss":0}],"is_beta":false,"boss_relics":[{"not_picked":["Calling Bell","Sozu"],"picked":"Fusion Hammer"},{"not_picked":["Coffee Dripper","Tiny House"],"picked":"SlaversCollar"}],"items_purged_floors":[5,22,39],"is_endless":false,"potions_floor_spawned":[2,7,14,16,21,25,27,30,33,35,37,48],"killed_by":"Donu and Deca","ascension_level":20,"potion_discard_per_floor":[[],[],[],[],[],[],[],[],[],[],[],[],[],[],[],[],[],[],[],[],[],[],[],[],[],[],[],[],[],["LiquidBronze"],[],[],[],[],["Dexterity Potion"],[],["Weak Potion"],[],[],[],[],[],[],[],[],[],[],[],[],[]]}