{"neow_bonuses_skipped_log":["THREE_ENEMY_KILL"],"neow_costs_skipped_log":["NONE"],"potions_obtained_entropic_brew":[[],[],[],[],[],[],[],[],[],[],[],[],[],[],[],[],[],[],[],[],[],[],[],[],[],[],[],[],[],[],[],[],[],[],[],[],[],[],[],[],[],[],[],[],[],[],[],[],[],[],[],[],[],[],[],[],[]],"gold_per_floor":[113,113,129,129,145,145,173,173,173,193,223,223,234,250,250,324,324,343,343,343,359,375,375,405,405,405,433,91,91,16,43,43,116,116,134,0,0,20,20,20,52,62,62,75,75,107,107,27,27,27,27,27,27,27,60,60],"floor_reached":57,"playtime":3978,"items_purged":["Deadly Poison","Dagger Spray+1"],"score":3152,"play_id":"88014c51-ec2e-4aa8-9e7e-8216b64c3a49","local_time":"20220920204814","falling_options_log":["Terror+1","Well Laid Plans"],"score_breakdown":["Floors Climbed (57): 285","Enemies Slain (13): 26","Exordium Elites Killed (2): 20","City Elites Killed (3): 60","Beyond Elites Killed (2): 60","Bosses Slain (5): 750","Champion (4): 100","Perfect (2): 100","Overkill: 25","C-c-c-combo: 25","Ascension (20): 1451","Heartbreaker: 250"],"is_ascension_mode":true,"potions_obtained_alchemize":[[],[],[],[],[],[],[],[],[],[],[],[],[],[],[],[],[],[],[],[],[],[],[],[],[],[],[],[],[],[],[],[],[],[],[],[],[],[],[],[],[],[],[],[],[],[],[],[],[],[],[],[],[],[],[],[],[]],"campfire_choices":[{"data":"Terror","floor":6,"key":"SMITH"},{"floor":8,"key":"REST"},{"data":"Predator","floor":15,"key":"SMITH"},{"floor":23,"key":"REST"},{"data":"Phantasmal Killer","floor":25,"key":"SMITH"},{"data":"Tools of the Trade","floor":29,"key":"SMITH"},{"data":"Calculated Gamble","floor":32,"key":"SMITH"},{"data":"Well Laid Plans","floor":40,"key":"SMITH"},{"floor":47,"key":"RECALL"},{"data":"Tactician","floor":49,"key":"SMITH"},{"data":"Acrobatics","floor":53,"key":"SMITH"}],"lesson_learned_per_floor":[[],[],[],[],[],[],[],[],[],[],[],[],[],[],[],[],[],[],[],[],[],[],[],[],[],[],[],[],[],[],[],[],[],[],[],[],[],[],[],[],[],[],[],[],[],[],[],[],[],[],[],[],[],[],[],[],[]],"neow_cost":"NONE","improvable_cards":{},"seed_source_timestamp":13472294612641,"shop_contents":[{"floor":28,"relics":["Pantograph","Frozen Eye"],"cards":["Heel Hook","Flying Knee","Deflect","Infinite Blades","Panacea","Apotheosis"],"potions":["SteroidPotion","Energy Potion","SmokeBomb"]},{"floor":30,"relics":["Vajra","Calipers","PrismaticShard"],"cards":["Flying Knee","Bane","Cloak And Dagger","Outmaneuver","Well Laid Plans","Panacea","HandOfGreed"],"potions":["SkillPotion","Block Potion","Explosive Potion"]},{"floor":39,"relics":["Juzu Bracelet","Ornamental Fan","Strange Spoon"],"cards":["Slice","Dash","Outmaneuver","Prepared","Accuracy","Madness","Secret Technique"],"potions":["AttackPotion","ColorlessPotion","AttackPotion"]},{"floor":48,"relics":["PreservedInsect","Bronze Scales","HandDrill"],"cards":["Skewer","Dagger Throw","PiercingWail","Corpse Explosion","Well Laid Plans","Blind","Master of Strategy"],"potions":["DuplicationPotion","Swift Potion","Swift Potion"]},{"floor":54,"relics":["Bag of Marbles","Kunai","Medical Kit"],"cards":["Poisoned Stab","Dagger Spray","Venomology","Prepared","Well Laid Plans","Finesse","Thinking Ahead"],"potions":["ColorlessPotion","DistilledChaos","Swift Potion"]}],"circlet_count":0,"master_deck":["AscendersBane","Survivor","Neutralize","Terror+1","Predator+1","Die Die Die","Doppelganger","Burst","Malaise","Phantasmal Killer+1","Crippling Poison","Footwork","Tools of the Trade+1","Backflip","Endless Agony","Underhanded Strike+1","Calculated Gamble+1","PiercingWail","Dash","Well Laid Plans+1","Reflex","Acrobatics+1","Grand Finale+1","Escape Plan","Tactician","Eviscerate","Tactician+1","Prepared+1"],"potion_use_per_floor":[[],[],[],[],[],[],["LiquidBronze"],[],[],[],[],[],[],[],[],["Regen Potion"],[],[],[],[],[],[],[],["Strength Potion"],[],[],[],[],[],[],[],[],["PowerPotion"],[],[],[],[],[],[],[],[],[],[],[],[],[],[],[],[],[],[],[],[],[],[],["PowerPotion"],[]],"relics":["Ring of the Snake","Paper Crane","HornCleat","Anchor","Bag of Preparation","Shovel","Pandora\u0027s Box","Singing Bowl","Turnip","Gambling Chip","Pocketwatch","Coffee Dripper","Red Mask","Centennial Puzzle","Whetstone","The Courier","Pen Nib"],"potions_floor_usage":[7,16,24,33,56],"damage_taken":[{"damage":2,"enemies":"Jaw Worm","floor":1,"turns":6},{"damage":0,"enemies":"Small Slimes","floor":3,"turns":5},{"damage":0,"enemies":"2 Louse","floor":5,"turns":2},{"damage":30,"enemies":"3 Sentries","floor":7,"turns":10},{"damage":0,"enemies":"Looter","floor":10,"turns":2},{"damage":0,"enemies":"Gremlin Nob","floor":11,"turns":3},{"damage":0,"enemies":"Exordium Wildlife","floor":13,"turns":2},{"damage":0,"enemies":"Large Slime","floor":14,"turns":3},{"damage":14,"enemies":"Slime Boss","floor":16,"turns":8},{"damage":0,"enemies":"2 Thieves","floor":18,"turns":3},{"damage":12,"enemies":"Spheric Guardian","floor":21,"turns":4},{"damage":0,"enemies":"Cultist and Chosen","floor":22,"turns":3},{"damage":15,"enemies":"Slavers","floor":24,"turns":4},{"damage":0,"enemies":"Gremlin Leader","floor":27,"turns":4},{"damage":10,"enemies":"Slavers","floor":31,"turns":5},{"damage":0,"enemies":"Champ","floor":33,"turns":9},{"damage":0,"enemies":"3 Shapes","floor":35,"turns":3},{"damage":0,"enemies":"3 Darklings","floor":38,"turns":2},{"damage":14,"enemies":"Giant Head","floor":41,"turns":5},{"damage":0,"enemies":"4 Shapes","floor":42,"turns":2},{"damage":0,"enemies":"Sphere and 2 Shapes","floor":44,"turns":1},{"damage":0,"enemies":"Nemesis","floor":46,"turns":1},{"damage":4,"enemies":"Donu and Deca","floor":50,"turns":3},{"damage":0,"enemies":"Awakened One","floor":51,"turns":5},{"damage":0,"enemies":"Shield and Spear","floor":55,"turns":3},{"damage":41,"enemies":"The Heart","floor":56,"turns":7}],"green_key_taken_log":41,"seed_played":"-3989722045645586609","neow_bonus_log":{"cardsObtained":[],"cardsUpgraded":[],"cardsRemoved":[],"cardsTransformed":[],"relicsObtained":[],"maxHpGained":6,"goldGained":0,"damageTaken":0,"goldLost":0,"maxHpLost":0},"potions_obtained":[{"floor":1,"key":"SpeedPotion"},{"floor":5,"key":"LiquidBronze"},{"floor":14,"key":"Regen Potion"},{"floor":16,"key":"PowerPotion"},{"floor":22,"key":"Strength Potion"},{"floor":24,"key":"PowerPotion"},{"floor":33,"key":"SkillPotion"},{"floor":42,"key":"SteroidPotion"},{"floor":46,"key":"Swift Potion"},{"floor":55,"key":"PowerPotion"}],"is_trial":false,"path_per_floor":["M","?","M","?","M","R","E","R","T","M","E","T","M","M","R","B",null,"M","?","?","M","M","R","E","R","T","E","$","R","$","E","R","B",null,"M","?","?","M","$","R","E","M","T","M","?","E","R","$","R","B","B",null,"R","$","E","B",null],"character_chosen":"THE_SILENT","items_purchased":["Gambling Chip","Acrobatics"],"campfire_rested":2,"item_purchase_floors":[28,28],"current_hp_per_floor":[63,41,41,36,36,36,6,27,27,27,27,27,27,27,27,28,61,61,61,41,29,29,52,37,37,37,37,37,37,37,29,29,29,67,67,67,67,69,69,69,55,55,55,57,57,57,57,57,57,53,53,76,76,76,76,35],"gold":60,"neow_bonus":"TEN_PERCENT_HP_BONUS","is_prod":false,"is_daily":false,"rewards_skipped":[{"floor":31,"relics":[],"potions":["Ancient Potion"]},{"floor":38,"relics":[],"potions":["BlessingOfTheForge"]}],"chose_seed":false,"campfire_upgraded":8,"win_rate":0,"floor_exit_playtime":[137,141,188,212,273,281,521,525,528,569,664,682,716,759,766,863,922,983,1004,1012,1089,1197,1205,1352,1365,1371,1443,1511,1522,1543,1710,1751,2103,2118,2244,2258,2262,2345,2354,2373,2622,2728,2731,2786,2805,2876,2880,2902,2920,3045,3329,3340,3360,3372,3571,3978],"timestamp":1663721294,"blue_key_relic_skipped_log":{"floor":26,"relicID":"Ninja Scroll"},"path_taken":["M","?","M","?","M","R","E","R","T","?","E","?","M","M","R","BOSS","M","?","?","M","M","R","E","R","T","E","?","R","$","E","R","BOSS","M","?","?","M","?","R","E","M","T","M","?","E","R","$","R","BOSS","BOSS","R","$","E","BOSS"],"build_version":"2022-03-07","purchased_purges":2,"victory":true,"max_hp_per_floor":[72,72,72,72,72,72,72,72,72,72,72,72,72,72,72,72,72,72,72,77,77,77,77,77,77,77,77,77,77,77,79,79,79,79,79,79,79,81,81,81,81,81,81,83,83,83,83,83,83,83,83,83,83,83,83,83],"relic_stats":{"Singing Bowl":6,"counters":[26,105],"The Courier":20,"Pen Nib":[2],"Bag of Preparation":[40],"Whetstone":["Dagger Spray","Grand Finale"],"Centennial Puzzle":[7],"Shovel":0,"Gambling Chip":[74],"Pandora\u0027s Box":["Burst","Deadly Poison","Malaise","Phantasmal Killer","Flying Knee","Crippling Poison","Footwork","Tools of the Trade","Backflip","Endless Agony"],"Turnip":[6],"obtain_stats":[{"Singing Bowl":24,"The Courier":46,"Pen Nib":55,"Bag of Preparation":11,"Whetstone":43,"Paper Crane":4,"Anchor":9,"Centennial Puzzle":41,"HornCleat":7,"Shovel":12,"Gambling Chip":28,"Pandora\u0027s Box":17,"Turnip":27,"Coffee Dripper":34,"Red Mask":36,"Ring of the Snake":0,"Pocketwatch":31},{"Singing Bowl":13,"The Courier":22,"Pen Nib":25,"Bag of Preparation":6,"Whetstone":20,"Paper Crane":2,"Anchor":4,"Centennial Puzzle":19,"HornCleat":4,"Shovel":6,"Gambling Chip":14,"Pandora\u0027s Box":9,"Turnip":14,"Coffee Dripper":16,"Red Mask":17,"Ring of the Snake":0,"Pocketwatch":15},{"Singing Bowl":55,"The Courier":87,"Pen Nib":98,"Bag of Preparation":28,"Whetstone":85,"Paper Crane":11,"Anchor":23,"Centennial Puzzle":83,"HornCleat":23,"Shovel":28,"Gambling Chip":59,"Pandora\u0027s Box":41,"Turnip":59,"Coffee Dripper":73,"Red Mask":76,"Ring of the Snake":0,"Pocketwatch":64}],"Ring of the Snake":[53],"Pocketwatch":[12]},"card_choices":[{"not_picked":["Accuracy","Finisher"],"picked":"Terror","floor":1},{"not_picked":["Reflex","Accuracy"],"picked":"Poisoned Stab","floor":3},{"not_picked":["Escape Plan","Dash"],"picked":"Predator","floor":5},{"not_picked":["Predator","Finisher"],"picked":"Die Die Die","floor":7},{"not_picked":["Heel Hook","Sucker Punch","Dodge and Roll"],"picked":"SKIP","floor":10},{"not_picked":["Heel Hook","Sucker Punch","Dodge and Roll"],"picked":"SKIP","floor":10},{"not_picked":["Sucker Punch","Tactician","Night Terror"],"picked":"SKIP","floor":11},{"not_picked":["Quick Slash","Terror"],"picked":"Dagger Spray","floor":13},{"not_picked":["Heel Hook","Masterful Stab","Accuracy"],"picked":"SKIP","floor":14},{"not_picked":["Grand Finale","Envenom"],"picked":"Doppelganger","floor":16},{"not_picked":["Slice","Cloak And Dagger"],"picked":"Underhanded Strike+1","floor":18},{"not_picked":["Skewer","Choke","Underhanded Strike","Deflect","Outmaneuver","Poisoned Stab","Cloak And Dagger","Sucker Punch","Quick Slash","Flechettes","Flying Knee","Backflip","Bouncing Flask","Concentrate","PiercingWail","Heel Hook","Leg Sweep","Escape Plan","Bane"],"picked":"Calculated Gamble","floor":19},{"not_picked":["All Out Attack","Quick Slash+1"],"picked":"PiercingWail","floor":21},{"not_picked":["Flechettes","Blade Dance"],"picked":"Dash","floor":22},{"not_picked":["After Image","Catalyst"],"picked":"Well Laid Plans","floor":24},{"not_picked":["Predator","Choke"],"picked":"Reflex","floor":27},{"not_picked":["Blur","Poisoned Stab","Flying Knee"],"picked":"Singing Bowl","floor":31},{"not_picked":["Burst","Glass Knife"],"picked":"Grand Finale","floor":33},{"not_picked":["Infinite Blades","Dagger Throw"],"picked":"Escape Plan","floor":35},{"not_picked":["Sucker Punch+1","Terror+1","Bane"],"picked":"Singing Bowl","floor":38},{"not_picked":["Endless Agony","Dodge and Roll"],"picked":"Tactician","floor":41},{"not_picked":["Well Laid Plans+1","Deflect"],"picked":"Eviscerate","floor":42},{"not_picked":["Predator","Blade Dance","Deadly Poison"],"picked":"Singing Bowl","floor":44},{"not_picked":["Endless Agony","Crippling Poison"],"picked":"Tactician","floor":46},{"not_picked":["Setup","Blade Dance"],"picked":"Prepared+1","floor":55}],"player_experience":3978191,"relics_obtained":[{"floor":7,"key":"HornCleat"},{"floor":9,"key":"Anchor"},{"floor":11,"key":"Bag of Preparation"},{"floor":12,"key":"Shovel"},{"floor":24,"key":"Singing Bowl"},{"floor":27,"key":"Turnip"},{"floor":31,"key":"Pocketwatch"},{"floor":41,"key":"Centennial Puzzle"},{"floor":43,"key":"Whetstone"},{"floor":46,"key":"The Courier"},{"floor":55,"key":"Pen Nib"}],"event_choices":[{"damage_healed":0,"gold_gain":0,"player_choice":"Entered Light","damage_taken":22,"max_hp_gain":0,"max_hp_loss":0,"event_name":"Shining Light","floor":2,"gold_loss":0,"cards_upgraded":["Defend_G","Strike_G"]},{"damage_healed":0,"gold_gain":0,"player_choice":"Success","damage_taken":5,"relics_obtained":["Paper Crane"],"max_hp_gain":0,"max_hp_loss":0,"event_name":"Scrap Ooze","floor":4,"gold_loss":0},{"damage_healed":0,"gold_gain":0,"player_choice":"Read","damage_taken":0,"max_hp_gain":0,"max_hp_loss":0,"event_name":"The Library","floor":19,"gold_loss":0,"cards_obtained":["Calculated Gamble"]},{"damage_healed":0,"gold_gain":0,"player_choice":"Shed Blood","damage_taken":25,"max_hp_gain":5,"max_hp_loss":0,"event_name":"Forgotten Altar","floor":20,"gold_loss":0},{"damage_healed":0,"gold_gain":0,"player_choice":"Paid","damage_taken":0,"relics_obtained":["Red Mask"],"max_hp_gain":0,"max_hp_loss":0,"event_name":"Tomb of Lord Red Mask","floor":36,"gold_loss":134},{"cards_removed":["Flying Knee"],"damage_healed":0,"gold_gain":0,"player_choice":"Removed Attack","damage_taken":0,"max_hp_gain":0,"max_hp_loss":0,"event_name":"Falling","floor":37,"gold_loss":0},{"cards_removed":["Poisoned Stab"],"damage_healed":0,"gold_gain":0,"player_choice":"Purged","damage_taken":0,"max_hp_gain":0,"max_hp_loss":0,"event_name":"Purifier","floor":45,"gold_loss":0}],"is_beta":false,"boss_relics":[{"not_picked":["SlaversCollar","Calling Bell"],"picked":"Pandora\u0027s Box"},{"not_picked":["Empty Cage","Tiny House"],"picked":"Coffee Dripper"}],"items_purged_floors":[30,48],"is_endless":false,"potions_floor_spawned":[1,5,14,16,22,24,31,33,38,42,46,55],"ascension_level":20,"potion_discard_per_floor":[[],[],[],[],[],[],[],[],[],[],[],[],[],[],[],[],[],[],[],[],[],["SpeedPotion"],[],[],[],[],[],[],[],[],[],[],[],[],[],[],[],[],[],[],[],["SkillPotion"],[],[],[],["PowerPotion"],[],[],[],[],[],[],[],[],["SteroidPotion"],[],[]]}