{"neow_bonuses_skipped_log":["TEN_PERCENT_HP_BONUS"],"neow_costs_skipped_log":["NONE"],"potions_obtained_entropic_brew":[[],[],[],[],[],[],[],[],[],[],[],[],[],[],[],[],[],[],[],[],[],[],[],[],[],[],[],[],[]],"gold_per_floor":[112,57,57,76,76,110,110,141,141,177,102,102,127,155,155,257,257,289,289,330,339,14,14,42,42,67,95,122,122],"floor_reached":29,"playtime":1707,"items_purged":[],"score":524,"play_id":"154c3105-7aaf-4281-9dcd-fda6576a9da3","local_time":"20220927191814","score_breakdown":["Floors Climbed (29): 145","Enemies Slain (6): 12","Exordium Elites Killed (3): 30","City Elites Killed (0): 0","Bosses Slain (1): 50","Champion (1): 25","Ascension (20): 262"],"is_ascension_mode":true,"potions_obtained_alchemize":[[],[],[],[],[],[],[],[],[],[],[],[],[],[],[],[],[],[],[],[],[],[],[],[],[],[],[],[],[]],"campfire_choices":[{"data":"Blade Dance","floor":7,"key":"SMITH"},{"data":"Eviscerate","floor":12,"key":"SMITH"},{"data":"Calculated Gamble","floor":15,"key":"SMITH"},{"data":"A Thousand Cuts","floor":23,"key":"SMITH"}],"lesson_learned_per_floor":[[],[],[],[],[],[],[],[],[],[],[],[],[],[],[],[],[],[],[],[],[],[],[],[],[],[],[],[],[]],"neow_cost":"NONE","improvable_cards":{"RitualDagger":[18]},"seed_source_timestamp":17903267893689,"shop_contents":[{"floor":2,"relics":["Bag of Preparation","Paper Crane","OrangePellets"],"cards":["Sucker Punch","Quick Slash","Reflex","Deflect","Well Laid Plans","Bandage Up","Thinking Ahead"],"potions":["BlessingOfTheForge","Explosive Potion"]},{"floor":22,"relics":["Thread and Needle","Sling"],"cards":["All Out Attack","Skewer","Cloak And Dagger","Infinite Blades","Flash of Steel","Master of Strategy"],"potions":["LiquidMemories","FearPotion","ColorlessPotion"]}],"circlet_count":0,"master_deck":["AscendersBane","Strike_G+1","Strike_G+1","Strike_G+1","Strike_G+1","Defend_G+1","Defend_G+1","Defend_G+1","Defend_G+1","Defend_G+1","Survivor","Neutralize","Blade Dance","Blade Dance+1","PiercingWail","Endless Agony","Eviscerate+1","Calculated Gamble+1","A Thousand Cuts+1","Blade Dance","RitualDagger","Prepared+1","Leg Sweep+1","Terror","Ghostly","Ghostly","Ghostly"],"potion_use_per_floor":[[],[],[],[],[],[],[],["SteroidPotion"],[],["Block Potion"],[],[],[],[],[],["GamblersBrew"],[],[],[],[],[],[],[],[],["Fruit Juice"],[],["SpeedPotion"],[],["Energy Potion"]],"relics":["Ring of the Snake","NeowsBlessing","Golden Idol","Darkstone Periapt","Bottled Lightning","Boot","Pantograph","Potion Belt","CeramicFish","Philosopher\u0027s Stone","Red Mask","HornCleat","Nilry\u0027s Codex","War Paint"],"potions_floor_usage":[8,10,16,25,27,29],"damage_taken":[{"damage":0,"enemies":"Jaw Worm","floor":1,"turns":1},{"damage":0,"enemies":"Small Slimes","floor":4,"turns":1},{"damage":0,"enemies":"Lagavulin","floor":6,"turns":1},{"damage":17,"enemies":"3 Sentries","floor":8,"turns":8},{"damage":23,"enemies":"Lagavulin","floor":10,"turns":6},{"damage":0,"enemies":"2 Louse","floor":14,"turns":2},{"damage":23,"enemies":"Hexaghost","floor":16,"turns":9},{"damage":0,"enemies":"Chosen","floor":18,"turns":3},{"damage":22,"enemies":"Masked Bandits","floor":20,"turns":4},{"damage":0,"enemies":"Spheric Guardian","floor":24,"turns":3},{"damage":4,"enemies":"Snake Plant","floor":27,"turns":5},{"damage":11,"enemies":"Centurion and Healer","floor":29,"turns":1}],"seed_played":"1087307279708344997","neow_bonus_log":{"cardsObtained":[],"cardsUpgraded":[],"cardsRemoved":[],"cardsTransformed":[],"relicsObtained":["NeowsBlessing"],"maxHpGained":0,"goldGained":0,"damageTaken":0,"goldLost":0,"maxHpLost":0},"potions_obtained":[{"floor":8,"key":"Block Potion"},{"floor":10,"key":"Fruit Juice"},{"floor":14,"key":"GamblersBrew"},{"floor":20,"key":"SpeedPotion"},{"floor":24,"key":"Energy Potion"}],"is_trial":false,"path_per_floor":["M","$","?","M","?","E","R","E","T","E","?","R","T","M","R","B",null,"M","?","?","?","$","R","M","?","T","M","?","M"],"character_chosen":"THE_SILENT","items_purchased":["SteroidPotion","HornCleat","Prepared"],"campfire_rested":0,"item_purchase_floors":[2,22,22],"current_hp_per_floor":[59,59,59,59,54,54,54,37,37,14,14,14,14,14,14,16,49,49,49,27,21,21,21,21,5,5,1,1,0],"gold":122,"neow_bonus":"THREE_ENEMY_KILL","is_prod":false,"is_daily":false,"rewards_skipped":[],"chose_seed":false,"campfire_upgraded":4,"win_rate":0,"floor_exit_playtime":[66,83,86,94,111,205,211,390,392,514,534,539,542,573,588,792,862,909,916,998,1003,1065,1076,1123,1177,1186,1580,1594],"timestamp":1664320694,"path_taken":["M","$","?","M","?","E","R","E","T","E","?","R","?","M","R","BOSS","M","?","?","?","?","R","?","?","T","M","?","M"],"build_version":"2022-03-07","purchased_purges":0,"victory":false,"max_hp_per_floor":[66,66,60,60,60,60,60,60,60,60,60,60,60,60,60,60,60,60,60,60,60,60,60,60,65,65,65,32,32],"relic_stats":{"Darkstone Periapt":0,"counters":[12,44],"Golden Idol":68,"Nilry\u0027s Codex":[0,1,1,3],"Pantograph":25,"CeramicFish":90,"Bottled Lightning":"Blade Dance","War Paint":["Prepared","Leg Sweep"],"Boot":[128],"obtain_stats":[{"Darkstone Periapt":5,"Potion Belt":10,"NeowsBlessing":0,"Golden Idol":3,"Nilry\u0027s Codex":25,"CeramicFish":13,"War Paint":26,"Boot":8,"HornCleat":22,"Pantograph":9,"Philosopher\u0027s Stone":17,"Red Mask":20,"Bottled Lightning":6,"Ring of the Snake":0},{"Darkstone Periapt":2,"Potion Belt":5,"NeowsBlessing":0,"Golden Idol":1,"Nilry\u0027s Codex":10,"CeramicFish":5,"War Paint":10,"Boot":4,"HornCleat":9,"Pantograph":4,"Philosopher\u0027s Stone":7,"Red Mask":9,"Bottled Lightning":3,"Ring of the Snake":0},{"Darkstone Periapt":2,"Potion Belt":17,"NeowsBlessing":0,"Golden Idol":1,"Nilry\u0027s Codex":38,"CeramicFish":17,"War Paint":38,"Boot":11,"HornCleat":35,"Pantograph":11,"Philosopher\u0027s Stone":28,"Red Mask":35,"Bottled Lightning":3,"Ring of the Snake":0}],"Ring of the Snake":[24]},"card_choices":[{"not_picked":["Bane","Quick Slash"],"picked":"Blade Dance","floor":1},{"not_picked":["Heel Hook","Expertise"],"picked":"Blade Dance","floor":4},{"not_picked":["Choke","Setup"],"picked":"PiercingWail","floor":6},{"not_picked":["Footwork","Deadly Poison"],"picked":"Endless Agony","floor":8},{"not_picked":["Dodge and Roll","Skewer"],"picked":"Eviscerate","floor":10},{"not_picked":["Choke","Quick Slash"],"picked":"Calculated Gamble","floor":14},{"not_picked":["Die Die Die","Night Terror"],"picked":"A Thousand Cuts","floor":16},{"not_picked":["Dagger Throw","Noxious Fumes"],"picked":"Blade Dance","floor":18},{"not_picked":["Riddle With Holes+1","Infinite Blades","Blade Dance"],"picked":"SKIP","floor":20},{"not_picked":["Cloak And Dagger","Poisoned Stab"],"picked":"Leg Sweep","floor":24},{"not_picked":["Noxious Fumes","Underhanded Strike"],"picked":"Terror","floor":27}],"player_experience":4024703,"relics_obtained":[{"floor":6,"key":"Bottled Lightning"},{"floor":8,"key":"Boot"},{"floor":9,"key":"Pantograph"},{"floor":10,"key":"Potion Belt"},{"floor":13,"key":"CeramicFish"},{"floor":20,"key":"Red Mask"},{"floor":25,"key":"Nilry\u0027s Codex"},{"floor":26,"key":"War Paint"}],"event_choices":[{"damage_healed":0,"gold_gain":0,"player_choice":"Lose Max HP","damage_taken":0,"relics_obtained":["Golden Idol"],"max_hp_gain":0,"max_hp_loss":6,"event_name":"Golden Idol","floor":3,"gold_loss":0},{"damage_healed":0,"gold_gain":0,"player_choice":"Success","damage_taken":5,"relics_obtained":["Darkstone Periapt"],"max_hp_gain":0,"max_hp_loss":0,"event_name":"Scrap Ooze","floor":5,"gold_loss":0},{"cards_removed":["Strike_G"],"damage_healed":0,"gold_gain":0,"player_choice":"Card Removal","damage_taken":0,"max_hp_gain":0,"max_hp_loss":0,"event_name":"The Cleric","floor":11,"gold_loss":75},{"damage_healed":0,"gold_gain":0,"player_choice":"Simplicity","damage_taken":0,"max_hp_gain":0,"max_hp_loss":0,"event_name":"Back to Basics","floor":19,"gold_loss":0,"cards_upgraded":["Strike_G","Strike_G","Strike_G","Strike_G","Defend_G","Defend_G","Defend_G","Defend_G","Defend_G"]},{"damage_healed":0,"gold_gain":0,"player_choice":"Fought Bandits","damage_taken":0,"max_hp_gain":0,"max_hp_loss":0,"event_name":"Masked Bandits","floor":20,"gold_loss":0},{"damage_healed":0,"gold_gain":0,"player_choice":"Joined the Cult","damage_taken":6,"max_hp_gain":0,"max_hp_loss":0,"event_name":"Nest","floor":21,"gold_loss":0,"cards_obtained":["RitualDagger"]},{"damage_healed":0,"gold_gain":0,"player_choice":"Obtained Book","damage_taken":21,"max_hp_gain":0,"max_hp_loss":0,"event_name":"Cursed Tome","floor":25,"gold_loss":0},{"damage_healed":0,"gold_gain":0,"player_choice":"Became a Ghost","damage_taken":0,"max_hp_gain":0,"max_hp_loss":33,"event_name":"Ghosts","floor":28,"gold_loss":0,"cards_obtained":["Ghostly","Ghostly","Ghostly"]}],"is_beta":false,"boss_relics":[{"not_picked":["Astrolabe","Black Star"],"picked":"Philosopher\u0027s Stone"}],"items_purged_floors":[],"is_endless":false,"potions_floor_spawned":[8,10,14,20,24],"killed_by":"Centurion and Healer","ascension_level":20,"potion_discard_per_floor":[[],[],[],[],[],[],[],[],[],[],[],[],[],[],[],[],[],[],[],[],[],[],[],[],[],[],[],[],[]]}