{"neow_bonuses_skipped_log":["REMOVE_CARD","THREE_RARE_CARDS","BOSS_RELIC"],"neow_costs_skipped_log":["NONE","CURSE","NONE"],"potions_obtained_entropic_brew":[[],[],[],[],[],[],[],[],[],[]],"gold_per_floor":[114,130,130,145,58,87,87,97,97,97],"floor_reached":10,"playtime":1061,"items_purged":[],"score":136,"play_id":"d80071c0-e20d-408d-a0a7-c4ff3e8ab22b","local_time":"20221009210519","score_breakdown":["Floors Climbed (10): 50","Enemies Slain (4): 8","Exordium Elites Killed (1): 10","Bosses Slain (0): 0","Ascension (20): 68"],"is_ascension_mode":true,"potions_obtained_alchemize":[[],[],[],[],[],[],[],[],[],[]],"campfire_choices":[{"floor":7,"key":"REST"}],"lesson_learned_per_floor":[[],[],[],[],[],[],[],[],[],[]],"neow_cost":"NONE","improvable_cards":{},"seed_source_timestamp":25972109400301,"shop_contents":[{"floor":5,"relics":["Bronze Scales","Pear","Medical Kit"],"cards":["Quick Slash","Concentrate","Cloak And Dagger","Accuracy","Deep Breath","Violence"],"potions":["AttackPotion","CunningPotion","GamblersBrew"]}],"circlet_count":0,"master_deck":["AscendersBane","Strike_G","Strike_G","Strike_G","Strike_G","Strike_G","Defend_G","Defend_G","Defend_G","Defend_G","Defend_G","Survivor","Neutralize","Acrobatics","Poisoned Stab","Backstab","Storm of Steel","Underhanded Strike"],"potion_use_per_floor":[[],[],[],["Energy Potion"],[],["ColorlessPotion","Energy Potion"],[],[],[],["Poison Potion"]],"relics":["Ring of the Snake","Paper Crane","White Beast Statue"],"potions_floor_usage":[0,4,6,6,10],"damage_taken":[{"damage":7,"enemies":"Small Slimes","floor":1,"turns":4},{"damage":1,"enemies":"Jaw Worm","floor":2,"turns":7},{"damage":1,"enemies":"Cultist","floor":4,"turns":4},{"damage":54,"enemies":"Lagavulin","floor":6,"turns":8},{"damage":12,"enemies":"Large Slime","floor":8,"turns":7},{"damage":17,"enemies":"3 Sentries","floor":10,"turns":4}],"seed_played":"-7074445845254543654","neow_bonus_log":{"cardsObtained":[],"cardsUpgraded":[],"cardsRemoved":[],"cardsTransformed":[],"relicsObtained":[],"maxHpGained":0,"goldGained":0,"damageTaken":0,"goldLost":0,"maxHpLost":0},"potions_obtained":[{"floor":0,"key":"Fruit Juice"},{"floor":0,"key":"Energy Potion"},{"floor":0,"key":"Energy Potion"},{"floor":4,"key":"ColorlessPotion"},{"floor":8,"key":"Poison Potion"}],"is_trial":false,"path_per_floor":["M","M","?","M","$","E","R","M","T","E"],"character_chosen":"THE_SILENT","items_purchased":["Backstab"],"campfire_rested":1,"item_purchase_floors":[5],"current_hp_per_floor":[57,56,56,55,55,1,22,10,10,0],"gold":97,"neow_bonus":"THREE_SMALL_POTIONS","is_prod":false,"is_daily":false,"rewards_skipped":[{"floor":2,"relics":[],"potions":["LiquidBronze"]}],"chose_seed":false,"campfire_upgraded":0,"win_rate":0,"floor_exit_playtime":[205,315,344,407,430,601,606,745,755],"timestamp":1665363919,"path_taken":["M","M","?","M","$","E","R","M","T","E"],"build_version":"2022-10-04","purchased_purges":0,"victory":false,"max_hp_per_floor":[71,71,71,71,71,71,71,71,71,71],"relic_stats":{"counters":[6,34],"obtain_stats":[{"Paper Crane":6,"White Beast Statue":9,"Ring of the Snake":0},{"Paper Crane":4,"White Beast Statue":5,"Ring of the Snake":0},{"Paper Crane":23,"White Beast Statue":30,"Ring of the Snake":0}],"White Beast Statue":[0.0,0.0,0.0,1.0,0.0,0.0,0.0,0.0,0.0,0.0,0.0,0.0],"Ring of the Snake":[12]},"card_choices":[{"not_picked":["Calculated Gamble","Sucker Punch"],"picked":"Acrobatics","floor":1},{"not_picked":["Distraction","Dodge and Roll","Expertise"],"picked":"SKIP","floor":2},{"not_picked":["Distraction","Dodge and Roll","Expertise"],"picked":"SKIP","floor":2},{"not_picked":["PiercingWail","Slice"],"picked":"Poisoned Stab","floor":4},{"not_picked":["Quick Slash","Dodge and Roll"],"picked":"Storm of Steel","floor":6},{"not_picked":["Caltrops","Poisoned Stab"],"picked":"Underhanded Strike","floor":8}],"player_experience":4132437,"relics_obtained":[{"floor":6,"key":"Paper Crane"},{"floor":9,"key":"White Beast Statue"}],"event_choices":[{"damage_healed":0,"gold_gain":0,"player_choice":"Ignored","damage_taken":0,"max_hp_gain":0,"max_hp_loss":0,"event_name":"Shining Light","floor":3,"gold_loss":0}],"is_beta":false,"boss_relics":[],"items_purged_floors":[],"is_endless":false,"potions_floor_spawned":[2,4,8],"killed_by":"3 Sentries","ascension_level":20,"potion_discard_per_floor":[[],[],[],[],[],[],[],[],[],[]]}