{"neow_bonuses_skipped_log":["THREE_CARDS","THREE_ENEMY_KILL","BOSS_RELIC"],"potions_obtained_entropic_brew":[[],[],[],[],[],[],[],[],[],[],[],[],[],[],[],[],[],[],[],[],[],[],[],[],[],[],[],[],[],[],[],[],[],[],[],[],[],[],[],[],[],[],[],[],[],[],[],[],[],[],[],[],[],[],[],[],[]],"neow_costs_skipped_log":["NONE","NONE","NONE"],"gold_per_floor":[119,129,89,104,124,124,141,141,141,174,174,174,205,220,220,297,297,312,193,108,128,139,139,174,174,174,191,216,238,138,160,160,244,244,268,327,327,202,202,202,220,240,291,316,348,111,111,92,92,92,92,92,92,4,34,34],"floor_reached":57,"playtime":10217,"items_purged":["Bane","Glass Knife","Riddle With Holes+1","Dash+1","Leg Sweep+1"],"score":3214,"play_id":"fe643178-1ab1-432e-b1ee-3ceb692a62d3","local_time":"20221016222851","score_breakdown":["Floors Climbed (57): 285","Enemies Slain (16): 32","Exordium Elites Killed (2): 20","City Elites Killed (2): 40","Beyond Elites Killed (1): 30","Bosses Slain (5): 750","Champion (4): 100","Beyond Perfect: 200","C-c-c-combo: 25","Ascension (20): 1482","Heartbreaker: 250"],"is_ascension_mode":true,"potions_obtained_alchemize":[[],[],[],[],[],[],[],[],[],[],[],[],[],[],[],[],[],[],[],[],[],[],[],[],[],[],[],[],[],[],[],[],[],[],[],[],[],[],[],[],[],[],[],[],[],[],[],[],[],[],[],[],[],[],[],[],[]],"campfire_choices":[{"data":"Dash","floor":6,"key":"SMITH"},{"data":"Poisoned Stab","floor":8,"key":"SMITH"},{"floor":15,"key":"REST"},{"data":"Tactician","floor":23,"key":"SMITH"},{"data":"Prepared","floor":25,"key":"SMITH"},{"data":"Calculated Gamble","floor":32,"key":"SMITH"},{"data":"Masterful Stab+1","floor":40,"key":"PURGE"},{"floor":49,"key":"RECALL"},{"data":"Poisoned Stab+1","floor":53,"key":"PURGE"}],"lesson_learned_per_floor":[[],[],[],[],[],[],[],[],[],[],[],[],[],[],[],[],[],[],[],[],[],[],[],[],[],[],[],[],[],[],[],[],[],[],[],[],[],[],[],[],[],[],[],[],[],[],[],[],[],[],[],[],[],[],[],[],[]],"neow_cost":"PERCENT_DAMAGE","improvable_cards":{},"seed_source_timestamp":23079705121694,"shop_contents":[{"floor":19,"relics":["Mummified Hand","Molten Egg 2","Orrery"],"cards":["Sucker Punch","Predator","Deflect","Caltrops","Dramatic Entrance","Mayhem"],"potions":["Swift Potion","AttackPotion","AttackPotion"]},{"floor":30,"relics":["MealTicket","Orichalcum","HandDrill"],"cards":["Sucker Punch","Underhanded Strike","Phantasmal Killer","Deflect","Well Laid Plans","Swift Strike","Transmutation"],"potions":["SmokeBomb","LiquidMemories","Swift Potion"]},{"floor":38,"relics":["Nunchaku","Sundial","DollysMirror"],"cards":["Riddle With Holes","Quick Slash","Dodge and Roll","Concentrate","Infinite Blades","Flash of Steel","Mayhem"],"potions":["Explosive Potion","PowerPotion","SteroidPotion"]},{"floor":46,"relics":["War Paint","Darkstone Periapt"],"cards":["Choke","Dagger Spray","Dodge and Roll","Concentrate","Infinite Blades","Dramatic Entrance","Master of Strategy"],"potions":["Regen Potion","SkillPotion","EssenceOfSteel"]},{"floor":48,"relics":["Du-Vu Doll","PreservedInsect","ClockworkSouvenir"],"cards":["Dagger Spray","PiercingWail","Calculated Gamble","Accuracy","Finesse","Secret Technique"],"potions":["FearPotion","LiquidBronze","DistilledChaos"]},{"floor":54,"relics":["Pear","Mango","TwistedFunnel"],"cards":["Predator","Dagger Throw","Deadly Poison","Acrobatics","Caltrops","Dramatic Entrance","Metamorphosis"],"potions":["Block Potion","Block Potion","SteroidPotion"]}],"circlet_count":0,"master_deck":["AscendersBane","Survivor+1","Neutralize+1","Escape Plan+1","Calculated Gamble+1","Acrobatics+1","Reflex+1","Phantasmal Killer+1","Escape Plan+1","Backstab+1","Prepared+1","Adrenaline+1","Tactician+1","Calculated Gamble+1","Terror+1","Blur+1","Well Laid Plans+1","Acrobatics+1","Malaise+1","Backflip+1","Acrobatics+1","After Image","Underhanded Strike"],"potion_use_per_floor":[[],[],[],[],[],[],[],[],[],[],[],[],["SteroidPotion","FairyPotion"],[],[],[],[],[],[],[],[],[],[],["Swift Potion"],[],[],[],[],[],[],[],[],[],[],[],[],[],[],[],[],[],[],[],[],[],[],[],[],[],["Dexterity Potion"],[],[],[],[],[],["SpeedPotion","LiquidMemories"],[]],"relics":["Ring of the Snake","Gremlin Horn","Boot","Gambling Chip","Pandora\u0027s Box","White Beast Statue","Bottled Flame","CeramicFish","Runic Dome","Peace Pipe","Mark of the Bloom","Kunai","Whetstone","Juzu Bracelet","Membership Card","Centennial Puzzle"],"potions_floor_usage":[13,24,50,56,56],"damage_taken":[{"damage":3,"enemies":"Jaw Worm","floor":1,"turns":5},{"damage":0,"enemies":"Cultist","floor":2,"turns":3},{"damage":3,"enemies":"Small Slimes","floor":4,"turns":4},{"damage":8,"enemies":"3 Louse","floor":5,"turns":6},{"damage":0,"enemies":"2 Fungi Beasts","floor":7,"turns":3},{"damage":25,"enemies":"3 Sentries","floor":10,"turns":9},{"damage":36,"enemies":"Gremlin Nob","floor":13,"turns":4},{"damage":0,"enemies":"Looter","floor":14,"turns":2},{"damage":24,"enemies":"The Guardian","floor":16,"turns":17},{"damage":0,"enemies":"Shell Parasite","floor":18,"turns":2},{"damage":0,"enemies":"2 Thieves","floor":21,"turns":2},{"damage":2,"enemies":"Snake Plant","floor":22,"turns":3},{"damage":0,"enemies":"Slavers","floor":24,"turns":4},{"damage":0,"enemies":"Cultist and Chosen","floor":27,"turns":4},{"damage":0,"enemies":"Gremlin Leader","floor":28,"turns":3},{"damage":0,"enemies":"Snecko","floor":29,"turns":2},{"damage":0,"enemies":"Sentry and Sphere","floor":31,"turns":3},{"damage":0,"enemies":"Automaton","floor":33,"turns":2},{"damage":0,"enemies":"Orb Walker","floor":35,"turns":1},{"damage":0,"enemies":"2 Orb Walkers","floor":36,"turns":3},{"damage":0,"enemies":"3 Darklings","floor":41,"turns":1},{"damage":0,"enemies":"Spire Growth","floor":42,"turns":2},{"damage":0,"enemies":"Sphere and 2 Shapes","floor":44,"turns":2},{"damage":0,"enemies":"Reptomancer","floor":45,"turns":2},{"damage":0,"enemies":"Time Eater","floor":50,"turns":11},{"damage":0,"enemies":"Donu and Deca","floor":51,"turns":2},{"damage":0,"enemies":"Shield and Spear","floor":55,"turns":1},{"damage":4,"enemies":"The Heart","floor":56,"turns":5}],"green_key_taken_log":13,"seed_played":"-7411946834874690569","neow_bonus_log":{"cardsObtained":["Riddle With Holes","Escape Plan"],"cardsUpgraded":[],"cardsRemoved":[],"cardsTransformed":["Strike_G","Defend_G"],"relicsObtained":[],"maxHpGained":0,"goldGained":0,"damageTaken":15,"goldLost":0,"maxHpLost":0},"potions_obtained":[{"floor":1,"key":"GamblersBrew"},{"floor":3,"key":"FairyPotion"},{"floor":3,"key":"SteroidPotion"},{"floor":16,"key":"SteroidPotion"},{"floor":18,"key":"Swift Potion"},{"floor":24,"key":"LiquidMemories"},{"floor":41,"key":"Dexterity Potion"},{"floor":55,"key":"SpeedPotion"}],"is_trial":false,"path_per_floor":["M","M","?","M","M","R","M","R","T","E","?","?","E","M","R","B",null,"M","$","?","M","M","R","E","R","T","M","E","M","$","M","R","B",null,"M","?","?","$","?","R","M","M","T","M","E","$","?","$","R","B","B",null,"R","$","E","B",null],"character_chosen":"THE_SILENT","items_purchased":["Terror","Membership Card","Underhanded Strike"],"campfire_rested":1,"item_purchase_floors":[19,46,48],"current_hp_per_floor":[41,41,41,38,30,30,30,30,30,5,5,5,19,19,38,14,53,53,53,53,53,51,51,51,51,51,51,51,51,51,51,51,51,62,62,62,62,62,62,62,62,62,62,62,62,62,62,62,62,62,62,62,62,62,62,58],"gold":34,"neow_bonus":"TRANSFORM_TWO_CARDS","is_prod":false,"is_daily":false,"rewards_skipped":[{"floor":3,"relics":[],"potions":["DistilledChaos"]},{"floor":7,"relics":[],"potions":["Explosive Potion"]},{"floor":10,"relics":[],"potions":["Swift Potion"]},{"floor":21,"relics":[],"potions":["PowerPotion"]},{"floor":22,"relics":[],"potions":["Poison Potion"]},{"floor":27,"relics":[],"potions":["Swift Potion"]},{"floor":28,"relics":[],"potions":["AttackPotion"]},{"floor":29,"relics":[],"potions":["SmokeBomb"]},{"floor":31,"relics":[],"potions":["AttackPotion"]},{"floor":33,"relics":[],"potions":["Poison Potion"]},{"floor":35,"relics":[],"potions":["DistilledChaos"]},{"floor":36,"relics":[],"potions":["FearPotion"]},{"floor":42,"relics":[],"potions":["CunningPotion"]},{"floor":44,"relics":[],"potions":["FearPotion"]},{"floor":45,"relics":[],"potions":["ColorlessPotion"]}],"chose_seed":false,"campfire_upgraded":5,"win_rate":0,"floor_exit_playtime":[337,398,495,671,1145,1158,1294,1300,1305,1684,1763,1778,1952,2113,2118,3024,3466,3611,3920,3970,4150,4468,4498,4810,4834,4913,5187,5274,5329,5423,5506,5521,5937,6130,6256,6519,6539,6654,6680,6719,7101,7248,7261,7443,7652,7796,7802,7972,7978,8717,9284,9295,9308,9324,9661,10217],"timestamp":1665973731,"blue_key_relic_skipped_log":{"floor":26,"relicID":"Question Card"},"path_taken":["M","M","?","?","M","R","M","R","T","E","?","?","E","M","R","BOSS","M","$","?","M","M","R","E","R","T","M","E","M","$","M","R","BOSS","M","?","?","$","?","R","M","M","T","?","E","$","?","?","R","BOSS","BOSS","R","$","E","BOSS"],"build_version":"2022-10-04","purchased_purges":5,"victory":true,"max_hp_per_floor":[66,66,66,66,66,66,66,66,66,66,66,66,66,66,66,66,66,66,66,66,66,66,66,66,66,66,66,66,66,66,66,66,66,66,66,66,66,66,66,66,66,66,66,66,66,66,66,66,66,66,66,66,66,66,66,66],"relic_stats":{"Mark of the Bloom":3,"Gremlin Horn":[21,21],"counters":[28,108],"CeramicFish":63,"Juzu Bracelet":0,"Whetstone":[],"Boot":[207],"White Beast Statue":[0.0,0.0,0.0,0.4,0.0,0.6000000000000001,0.0,0.0,0.0,0.0,0.0,6.198844160000002],"Peace Pipe":2,"Bottled Flame":"Backstab","Centennial Puzzle":[3],"Gambling Chip":[52],"Pandora\u0027s Box":["Escape Plan","Backstab","Bane","Prepared","Adrenaline","Tactician","Glass Knife","Calculated Gamble"],"Kunai":[66],"Membership Card":189,"obtain_stats":[{"Mark of the Bloom":37,"Gremlin Horn":9,"CeramicFish":28,"Juzu Bracelet":45,"Whetstone":43,"Boot":10,"White Beast Statue":20,"Peace Pipe":36,"Runic Dome":34,"Bottled Flame":24,"Centennial Puzzle":55,"Gambling Chip":13,"Pandora\u0027s Box":17,"Kunai":39,"Membership Card":46,"Ring of the Snake":0},{"Mark of the Bloom":20,"Gremlin Horn":5,"CeramicFish":15,"Juzu Bracelet":24,"Whetstone":22,"Boot":6,"White Beast Statue":10,"Peace Pipe":20,"Runic Dome":18,"Bottled Flame":13,"Centennial Puzzle":27,"Gambling Chip":7,"Pandora\u0027s Box":9,"Kunai":20,"Membership Card":24,"Ring of the Snake":0},{"Mark of the Bloom":82,"Gremlin Horn":21,"CeramicFish":71,"Juzu Bracelet":89,"Whetstone":85,"Boot":30,"White Beast Statue":55,"Peace Pipe":82,"Runic Dome":78,"Bottled Flame":64,"Centennial Puzzle":103,"Gambling Chip":34,"Pandora\u0027s Box":53,"Kunai":82,"Membership Card":89,"Ring of the Snake":0}],"Ring of the Snake":[56]},"card_choices":[{"not_picked":["Slice","Distraction"],"picked":"Dash","floor":1},{"not_picked":["Choke","Slice"],"picked":"Calculated Gamble","floor":2},{"not_picked":["Distraction","Prepared"],"picked":"Poisoned Stab","floor":4},{"not_picked":["Deadly Poison","Outmaneuver"],"picked":"Masterful Stab","floor":5},{"not_picked":["Catalyst","Cloak And Dagger","Flechettes"],"picked":"SKIP","floor":7},{"not_picked":["Footwork","Underhanded Strike"],"picked":"Leg Sweep","floor":10},{"not_picked":["Crippling Poison","Cloak And Dagger"],"picked":"Acrobatics","floor":13},{"not_picked":["Blade Dance","Slice"],"picked":"Reflex","floor":14},{"not_picked":["After Image","Tools of the Trade"],"picked":"Phantasmal Killer","floor":16},{"not_picked":["Distraction","Infinite Blades","Poisoned Stab"],"picked":"SKIP","floor":18},{"not_picked":["Distraction","Infinite Blades","Poisoned Stab"],"picked":"SKIP","floor":18},{"not_picked":["Escape Plan","Dodge and Roll","Deflect"],"picked":"SKIP","floor":21},{"not_picked":["Infinite Blades+1","Dagger Throw"],"picked":"Blur+1","floor":22},{"not_picked":["Deflect","Envenom","Prepared"],"picked":"SKIP","floor":24},{"not_picked":["Outmaneuver+1","Quick Slash","Underhanded Strike"],"picked":"SKIP","floor":27},{"not_picked":["Outmaneuver+1","Quick Slash","Underhanded Strike"],"picked":"SKIP","floor":27},{"not_picked":["Skewer","Cloak And Dagger","Underhanded Strike"],"picked":"SKIP","floor":28},{"not_picked":["Cloak And Dagger","Noxious Fumes+1"],"picked":"Well Laid Plans","floor":29},{"not_picked":["Cloak And Dagger","Infinite Blades+1"],"picked":"Acrobatics","floor":31},{"not_picked":["Storm of Steel","Unload"],"picked":"Malaise","floor":33},{"not_picked":["Accuracy","Predator"],"picked":"Backflip","floor":35},{"not_picked":["Distraction","Outmaneuver"],"picked":"Acrobatics","floor":36},{"not_picked":["Deadly Poison","Bane","Prepared"],"picked":"SKIP","floor":41},{"not_picked":["Accuracy","Cloak And Dagger","Terror"],"picked":"SKIP","floor":42},{"not_picked":["Slice","Deflect"],"picked":"After Image","floor":44},{"not_picked":["Quick Slash","Dagger Spray","Prepared+1"],"picked":"SKIP","floor":45},{"not_picked":["Slice","Bane","Noxious Fumes"],"picked":"SKIP","floor":55}],"player_experience":4207459,"relics_obtained":[{"floor":9,"key":"Gremlin Horn"},{"floor":10,"key":"Boot"},{"floor":13,"key":"Gambling Chip"},{"floor":24,"key":"Bottled Flame"},{"floor":28,"key":"CeramicFish"},{"floor":36,"key":"Peace Pipe"},{"floor":39,"key":"Kunai"},{"floor":43,"key":"Whetstone"},{"floor":45,"key":"Juzu Bracelet"},{"floor":55,"key":"Centennial Puzzle"}],"event_choices":[{"damage_healed":0,"gold_gain":0,"player_choice":"Bought 3 Potions","damage_taken":0,"max_hp_gain":0,"max_hp_loss":0,"event_name":"The Woman in Blue","floor":3,"gold_loss":0},{"damage_healed":0,"gold_gain":0,"player_choice":"Grow","damage_taken":0,"max_hp_gain":0,"max_hp_loss":0,"event_name":"Living Wall","floor":11,"gold_loss":0,"cards_upgraded":["Masterful Stab"]},{"damage_healed":0,"gold_gain":0,"player_choice":"Ignored","damage_taken":0,"max_hp_gain":0,"max_hp_loss":0,"event_name":"Liars Game","floor":12,"gold_loss":0},{"damage_healed":0,"gold_gain":0,"player_choice":"Obtained Relic","damage_taken":0,"relics_obtained":["White Beast Statue"],"max_hp_gain":0,"max_hp_loss":0,"event_name":"Addict","floor":20,"gold_loss":85},{"damage_healed":0,"gold_gain":0,"player_choice":"Fight","damage_taken":0,"max_hp_gain":0,"max_hp_loss":0,"event_name":"Mysterious Sphere","floor":36,"gold_loss":0},{"damage_healed":0,"gold_gain":0,"player_choice":"Upgrade","damage_taken":0,"relics_obtained":["Mark of the Bloom"],"max_hp_gain":0,"max_hp_loss":0,"event_name":"MindBloom","floor":37,"gold_loss":0,"cards_upgraded":["Survivor","Neutralize","Riddle With Holes","Escape Plan","Leg Sweep","Acrobatics","Reflex","Phantasmal Killer","Escape Plan","Backstab","Adrenaline","Calculated Gamble","Terror","Well Laid Plans","Acrobatics","Malaise","Backflip","Acrobatics"]},{"damage_healed":0,"gold_gain":0,"player_choice":"Relic","damage_taken":0,"max_hp_gain":0,"max_hp_loss":0,"event_name":"Wheel of Change","floor":39,"gold_loss":0},{"damage_healed":0,"gold_gain":0,"player_choice":"Ignored","damage_taken":0,"max_hp_gain":0,"max_hp_loss":0,"event_name":"SecretPortal","floor":47,"gold_loss":0}],"is_beta":false,"boss_relics":[{"not_picked":["WristBlade","Astrolabe"],"picked":"Pandora\u0027s Box"},{"not_picked":["Ring of the Serpent","Snecko Eye"],"picked":"Runic Dome"}],"items_purged_floors":[19,30,38,46,54],"is_endless":false,"potions_floor_spawned":[1,7,10,16,18,21,22,24,27,28,29,31,33,35,36,41,42,44,45,55],"ascension_level":20,"potion_discard_per_floor":[[],[],["GamblersBrew"],[],[],[],[],[],[],[],[],[],[],[],[],[],[],[],[],[],[],[],[],[],[],[],[],[],[],[],[],[],[],[],[],[],[],[],[],[],["SteroidPotion"],[],[],[],[],[],[],[],[],[],[],[],[],[],[],[],[]]}