{"neow_bonuses_skipped_log":["UPGRADE_CARD","TEN_PERCENT_HP_BONUS","BOSS_RELIC"],"potions_obtained_entropic_brew":[[],[],[],[],[],[],[],[],[],[],[],[],[],[],[],[],[],[],[],[],[],[],[],[],[],[],[],[],[],[],[],[],[],[],[],[],[],[],[],[],[],[],[],[],[],[],[],[],[],[],[],[],[],[],[],[],[]],"neow_costs_skipped_log":["NONE","NONE","NONE"],"gold_per_floor":[362,382,392,412,35,35,68,68,68,68,83,99,99,99,99,177,177,190,215,215,215,233,233,266,266,292,319,54,85,104,138,138,209,209,221,246,146,162,178,178,212,212,212,212,224,224,253,264,264,264,264,264,264,61,91,91],"floor_reached":57,"playtime":15474,"items_purged":["Bouncing Flask","Deadly Poison+1","Dagger Spray+1"],"score":2801,"play_id":"f445f0fe-e85c-4c53-926e-220c2bcfce48","local_time":"20221019223803","score_breakdown":["Floors Climbed (57): 285","Enemies Slain (14): 28","Exordium Elites Killed (1): 10","City Elites Killed (4): 80","Beyond Elites Killed (2): 60","Bosses Slain (5): 750","Well Fed: 25","Champion (2): 50","Ascension (20): 1263","Heartbreaker: 250"],"is_ascension_mode":true,"potions_obtained_alchemize":[[],[],[],[],[],[],[],[],[],[],[],[],[],[],[],[],[],[],[],[],[],[],[],[],[],[],[],[],[],[],[],[],[],[],[],[],[],[],[],[],[],[],[],[],[],[],[],[],[],[],[],[],[],[],[],[],[]],"campfire_choices":[{"data":"Dagger Spray","floor":6,"key":"SMITH"},{"data":"Deadly Poison","floor":8,"key":"SMITH"},{"floor":10,"key":"REST"},{"data":"Well Laid Plans","floor":13,"key":"SMITH"},{"data":"Blade Dance","floor":15,"key":"SMITH"},{"floor":23,"key":"REST"},{"floor":25,"key":"REST"},{"data":"A Thousand Cuts","floor":32,"key":"SMITH"},{"data":"Bullet Time","floor":40,"key":"SMITH"},{"data":"Night Terror","floor":42,"key":"SMITH"},{"data":"Envenom","floor":44,"key":"SMITH"},{"data":"Setup","floor":46,"key":"SMITH"},{"floor":49,"key":"RECALL"},{"floor":53,"key":"REST"}],"lesson_learned_per_floor":[[],[],[],[],[],[],[],[],[],[],[],[],[],[],[],[],[],[],[],[],[],[],[],[],[],[],[],[],[],[],[],[],[],[],[],[],[],[],[],[],[],[],[],[],[],[],[],[],[],[],[],[],[],[],[],[],[]],"neow_cost":"PERCENT_DAMAGE","improvable_cards":{},"seed_source_timestamp":3549373172021,"shop_contents":[{"floor":5,"relics":["Omamori","PrismaticShard"],"cards":["Bane","Riddle With Holes","Backflip","Well Laid Plans","Impatience","The Bomb"],"potions":["SpeedPotion","Explosive Potion","CunningPotion"]},{"floor":28,"relics":["Frozen Egg 2","Eternal Feather"],"cards":["Choke+1","Eviscerate+1","Outmaneuver","Accuracy","Deep Breath","Transmutation"],"potions":["ColorlessPotion","Regen Potion","CultistPotion"]},{"floor":37,"relics":["Bag of Marbles","Art of War","Cauldron"],"cards":["All Out Attack+1","Sucker Punch+1","Dodge and Roll","Crippling Poison","Accuracy","Panacea","Panache"],"potions":["FearPotion","Fire Potion","AttackPotion"]},{"floor":54,"relics":["Bottled Tornado","Oddly Smooth Stone","Medical Kit"],"cards":["Slice+1","Skewer+1","Outmaneuver","Noxious Fumes","Good Instincts","Sadistic Nature"],"potions":["Dexterity Potion","Block Potion","SteroidPotion"]}],"circlet_count":0,"master_deck":["AscendersBane","Survivor","Neutralize","Blade Dance","Bullet Time+1","Blade Dance+1","Well Laid Plans+1","Glass Knife+1","Endless Agony+1","After Image","Flechettes+1","Footwork","Flying Knee+1","Envenom+1","Glass Knife+1","PiercingWail","Backflip","Predator+1","Dodge and Roll","Leg Sweep","Escape Plan","PiercingWail","Night Terror+1","Wraith Form v2+1","Dash+1","Terror+1","PiercingWail+1","Outmaneuver","Setup+1","Acrobatics+1","Escape Plan"],"potion_use_per_floor":[[],[],[],[],[],[],["Weak Potion"],[],[],[],[],["Block Potion"],[],[],[],[],[],["DistilledChaos"],["Poison Potion"],[],[],[],[],["LiquidMemories"],[],[],[],[],["AttackPotion"],[],["Strength Potion"],[],["BlessingOfTheForge"],[],[],[],[],[],["PowerPotion"],[],["PowerPotion"],[],[],[],["Energy Potion"],[],["BlessingOfTheForge"],[],[],[],[],[],[],[],[],["GamblersBrew","GhostInAJar"],[]],"relics":["Ring of the Snake","Gambling Chip","Molten Egg 2","White Beast Statue","Pandora\u0027s Box","Red Mask","Vajra","Bronze Scales","Turnip","Lee\u0027s Waffle","StoneCalendar","Bag of Preparation","Astrolabe","Mango","Toy Ornithopter","Snake Skull","Nunchaku"],"potions_floor_usage":[7,12,18,19,24,29,31,33,39,41,45,47,56,56],"damage_taken":[{"damage":1,"enemies":"Small Slimes","floor":1,"turns":5},{"damage":6,"enemies":"Cultist","floor":2,"turns":4},{"damage":0,"enemies":"2 Louse","floor":3,"turns":3},{"damage":0,"enemies":"2 Fungi Beasts","floor":4,"turns":3},{"damage":28,"enemies":"Lagavulin","floor":7,"turns":6},{"damage":0,"enemies":"3 Louse","floor":11,"turns":2},{"damage":0,"enemies":"Exordium Thugs","floor":12,"turns":2},{"damage":8,"enemies":"Hexaghost","floor":16,"turns":9},{"damage":0,"enemies":"3 Byrds","floor":18,"turns":3},{"damage":1,"enemies":"Masked Bandits","floor":19,"turns":2},{"damage":8,"enemies":"2 Thieves","floor":22,"turns":2},{"damage":15,"enemies":"Slavers","floor":24,"turns":3},{"damage":5,"enemies":"Gremlin Leader","floor":27,"turns":4},{"damage":0,"enemies":"Slavers","floor":29,"turns":2},{"damage":0,"enemies":"Shelled Parasite and Fungi","floor":30,"turns":2},{"damage":10,"enemies":"Book of Stabbing","floor":31,"turns":3},{"damage":10,"enemies":"Champ","floor":33,"turns":8},{"damage":0,"enemies":"Orb Walker","floor":35,"turns":1},{"damage":0,"enemies":"Mind Bloom Boss Battle","floor":36,"turns":2},{"damage":0,"enemies":"3 Darklings","floor":38,"turns":2},{"damage":3,"enemies":"4 Shapes","floor":39,"turns":7},{"damage":4,"enemies":"Reptomancer","floor":41,"turns":5},{"damage":0,"enemies":"Spire Growth","floor":45,"turns":3},{"damage":0,"enemies":"Giant Head","floor":47,"turns":7},{"damage":0,"enemies":"3 Darklings","floor":48,"turns":2},{"damage":21,"enemies":"Time Eater","floor":50,"turns":12},{"damage":34,"enemies":"Awakened One","floor":51,"turns":15},{"damage":5,"enemies":"Shield and Spear","floor":55,"turns":7},{"damage":41,"enemies":"The Heart","floor":56,"turns":11}],"green_key_taken_log":31,"seed_played":"6508156077136182071","neow_bonus_log":{"cardsObtained":[],"cardsUpgraded":[],"cardsRemoved":[],"cardsTransformed":[],"relicsObtained":[],"maxHpGained":0,"goldGained":250,"damageTaken":15,"goldLost":0,"maxHpLost":0},"potions_obtained":[{"floor":2,"key":"Weak Potion"},{"floor":3,"key":"CunningPotion"},{"floor":11,"key":"Block Potion"},{"floor":12,"key":"DistilledChaos"},{"floor":18,"key":"Poison Potion"},{"floor":19,"key":"Strength Potion"},{"floor":22,"key":"LiquidMemories"},{"floor":24,"key":"AttackPotion"},{"floor":29,"key":"Weak Potion"},{"floor":30,"key":"BlessingOfTheForge"},{"floor":31,"key":"LiquidBronze"},{"floor":33,"key":"Energy Potion"},{"floor":35,"key":"Dexterity Potion"},{"floor":36,"key":"PowerPotion"},{"floor":38,"key":"GhostInAJar"},{"floor":39,"key":"PowerPotion"},{"floor":41,"key":"Energy Potion"},{"floor":45,"key":"BlessingOfTheForge"},{"floor":47,"key":"SteroidPotion"},{"floor":48,"key":"GamblersBrew"}],"is_trial":false,"path_per_floor":["M","M","M","M","$","R","E","R","T","R","M","M","R","?","R","B",null,"M","?","?","?","M","R","E","R","T","E","$","E","M","E","R","B",null,"M","?","$","M","M","R","E","R","T","R","M","R","E","M","R","B","B",null,"R","$","E","B",null],"character_chosen":"THE_SILENT","items_purchased":["Gambling Chip","Blade Dance","Lee\u0027s Waffle","Dodge and Roll","Escape Plan"],"campfire_rested":4,"item_purchase_floors":[5,5,28,28,54],"current_hp_per_floor":[43,37,37,37,37,37,9,9,9,28,28,28,28,28,28,20,55,55,54,54,36,28,49,34,55,55,50,78,78,78,68,68,58,73,73,87,87,87,84,84,80,80,80,80,85,85,90,90,90,69,35,78,92,92,87,56],"gold":91,"neow_bonus":"TWO_FIFTY_GOLD","is_prod":false,"is_daily":false,"rewards_skipped":[{"floor":16,"relics":[],"potions":["PowerPotion"]},{"floor":27,"relics":[],"potions":["EssenceOfSteel"]},{"floor":55,"relics":[],"potions":["Energy Potion"]}],"chose_seed":false,"campfire_upgraded":9,"win_rate":0,"floor_exit_playtime":[314,399,455,570,901,908,1775,1782,1788,1792,1833,2065,2103,2149,2175,2812,3079,3300,4175,4325,4418,5235,5247,5963,6027,6031,6362,6707,6917,7098,7965,8202,9932,10600,10738,10922,11112,11337,11706,11719,12059,12067,12071,12106,12331,12339,12557,12711,12714,13538,14477,14490,14527,14722,15037,15474],"timestamp":1666233483,"blue_key_relic_skipped_log":{"floor":43,"relicID":"Centennial Puzzle"},"path_taken":["M","M","M","M","$","R","E","R","T","R","M","M","R","?","R","BOSS","M","?","?","?","M","R","E","R","T","E","$","E","M","E","R","BOSS","M","?","?","?","M","R","E","R","T","R","M","R","E","M","R","BOSS","BOSS","R","$","E","BOSS"],"build_version":"2022-10-04","purchased_purges":3,"victory":true,"max_hp_per_floor":[66,66,66,66,66,66,66,66,66,66,66,66,66,66,66,66,66,66,66,66,71,71,71,71,71,71,71,78,78,78,78,78,78,78,78,92,92,92,92,92,92,92,92,92,92,92,92,92,92,92,92,92,92,92,92,92],"relic_stats":{"Lee\u0027s Waffle":28,"counters":[29,137],"Astrolabe":["Wraith Form v2","Dash","Terror"],"StoneCalendar":[282],"Snake Skull":[145],"Bag of Preparation":[27],"White Beast Statue":[0.0,0.0,0.0,0.4,0.0,0.6000000000000001,0.0,0.0,0.0,0.0,0.0,9.550994944000005],"Nunchaku":[2],"Gambling Chip":[138],"Bronze Scales":[425],"Pandora\u0027s Box":["Endless Agony","After Image","Flechettes","Footwork","Flying Knee","A Thousand Cuts","Envenom","Bouncing Flask","Glass Knife"],"Turnip":[7],"obtain_stats":[{"Lee\u0027s Waffle":28,"Astrolabe":34,"Vajra":24,"StoneCalendar":29,"Mango":36,"Snake Skull":47,"Bag of Preparation":31,"White Beast Statue":9,"Nunchaku":55,"Gambling Chip":5,"Bronze Scales":26,"Molten Egg 2":7,"Pandora\u0027s Box":17,"Turnip":27,"Red Mask":19,"Toy Ornithopter":41,"Ring of the Snake":0},{"Lee\u0027s Waffle":13,"Astrolabe":17,"Vajra":12,"StoneCalendar":14,"Mango":19,"Snake Skull":24,"Bag of Preparation":16,"White Beast Statue":5,"Nunchaku":28,"Gambling Chip":4,"Bronze Scales":12,"Molten Egg 2":5,"Pandora\u0027s Box":8,"Turnip":13,"Red Mask":10,"Toy Ornithopter":22,"Ring of the Snake":0},{"Lee\u0027s Waffle":48,"Astrolabe":63,"Vajra":44,"StoneCalendar":50,"Mango":66,"Snake Skull":90,"Bag of Preparation":55,"White Beast Statue":21,"Nunchaku":126,"Gambling Chip":15,"Bronze Scales":44,"Molten Egg 2":21,"Pandora\u0027s Box":34,"Turnip":48,"Red Mask":39,"Toy Ornithopter":80,"Ring of the Snake":0}],"Toy Ornithopter":20,"Ring of the Snake":[58]},"card_choices":[{"not_picked":["Acrobatics","Riddle With Holes"],"picked":"Dagger Spray","floor":1},{"not_picked":["Setup","Prepared"],"picked":"Blade Dance","floor":2},{"not_picked":["Bane","Outmaneuver","Quick Slash"],"picked":"SKIP","floor":3},{"not_picked":["Dagger Throw","Prepared"],"picked":"Bullet Time","floor":4},{"not_picked":["Deflect","All Out Attack+1"],"picked":"Deadly Poison","floor":7},{"not_picked":["Blade Dance","Prepared"],"picked":"Well Laid Plans","floor":11},{"not_picked":["Dagger Throw+1","Deflect","Slice+1"],"picked":"SKIP","floor":12},{"not_picked":["Deflect","Slice+1"],"picked":"Dagger Throw+1","floor":12},{"not_picked":["Doppelganger","Adrenaline"],"picked":"Glass Knife+1","floor":16},{"not_picked":["Outmaneuver","Poisoned Stab+1","Accuracy"],"picked":"SKIP","floor":18},{"not_picked":["Masterful Stab+1","Sucker Punch+1","Deadly Poison"],"picked":"SKIP","floor":19},{"not_picked":["Dash+1","Leg Sweep","Blade Dance","Prepared","Dodge and Roll","Crippling Poison","Underhanded Strike+1","Blur","Backstab+1","Heel Hook+1","Acrobatics","Bane+1","Infinite Blades","Dagger Throw+1","Sucker Punch+1","Escape Plan","Flying Knee+1","Flechettes+1","Cloak And Dagger"],"picked":"PiercingWail","floor":20},{"not_picked":["Prepared","Backflip"],"picked":"Underhanded Strike+1","floor":22},{"not_picked":["Footwork","Heel Hook+1"],"picked":"Backflip","floor":24},{"not_picked":["Quick Slash+1","Unload+1"],"picked":"Predator+1","floor":27},{"not_picked":["Poisoned Stab+1","Bouncing Flask"],"picked":"Leg Sweep","floor":29},{"not_picked":["Quick Slash+1","Underhanded Strike+1"],"picked":"Escape Plan","floor":30},{"not_picked":["Deadly Poison","Dagger Spray+1"],"picked":"PiercingWail","floor":31},{"not_picked":["Corpse Explosion","Venomology"],"picked":"Night Terror","floor":33},{"not_picked":["Prepared","Backstab+1"],"picked":"PiercingWail+1","floor":35},{"not_picked":["Sucker Punch+1","Caltrops","Blade Dance"],"picked":"SKIP","floor":36},{"not_picked":["Outmaneuver","Accuracy","Quick Slash+1"],"picked":"SKIP","floor":38},{"not_picked":["Accuracy","Quick Slash+1"],"picked":"Outmaneuver","floor":38},{"not_picked":["Dagger Spray+1","Flying Knee+1","Riddle With Holes+1"],"picked":"SKIP","floor":39},{"not_picked":["Unload+1","Poisoned Stab+1","Concentrate"],"picked":"SKIP","floor":41},{"not_picked":["Finisher+1","Quick Slash+1"],"picked":"Setup","floor":45},{"not_picked":["Outmaneuver","Blade Dance+1"],"picked":"Acrobatics+1","floor":47},{"not_picked":["Blur+1","Bane+1","Leg Sweep"],"picked":"SKIP","floor":48},{"not_picked":["Flying Knee+1","Glass Knife+1","Skewer+1"],"picked":"SKIP","floor":55}],"player_experience":4238679,"relics_obtained":[{"floor":7,"key":"Molten Egg 2"},{"floor":9,"key":"White Beast Statue"},{"floor":19,"key":"Red Mask"},{"floor":24,"key":"Vajra"},{"floor":26,"key":"Bronze Scales"},{"floor":27,"key":"Turnip"},{"floor":29,"key":"StoneCalendar"},{"floor":31,"key":"Bag of Preparation"},{"floor":36,"key":"Mango"},{"floor":41,"key":"Toy Ornithopter"},{"floor":47,"key":"Snake Skull"},{"floor":55,"key":"Nunchaku"}],"event_choices":[{"cards_removed":["Strike_G"],"damage_healed":0,"gold_gain":0,"player_choice":"Purged","damage_taken":0,"max_hp_gain":0,"max_hp_loss":0,"event_name":"Purifier","floor":14,"gold_loss":0},{"damage_healed":0,"gold_gain":0,"player_choice":"Fought Bandits","damage_taken":0,"max_hp_gain":0,"max_hp_loss":0,"event_name":"Masked Bandits","floor":19,"gold_loss":0},{"damage_healed":0,"gold_gain":0,"player_choice":"Read","damage_taken":0,"max_hp_gain":0,"max_hp_loss":0,"event_name":"The Library","floor":20,"gold_loss":0,"cards_obtained":["PiercingWail"]},{"damage_healed":0,"gold_gain":0,"player_choice":"Shed Blood","damage_taken":23,"max_hp_gain":5,"max_hp_loss":0,"event_name":"Forgotten Altar","floor":21,"gold_loss":0},{"damage_healed":0,"gold_gain":0,"player_choice":"Fight","damage_taken":0,"max_hp_gain":0,"max_hp_loss":0,"event_name":"MindBloom","floor":36,"gold_loss":0}],"is_beta":false,"boss_relics":[{"not_picked":["Runic Dome","HoveringKite"],"picked":"Pandora\u0027s Box"},{"not_picked":["Empty Cage","WristBlade"],"picked":"Astrolabe"}],"items_purged_floors":[28,37,54],"is_endless":false,"potions_floor_spawned":[2,3,11,12,16,18,19,22,24,27,29,30,31,33,35,36,38,39,41,45,47,48,55],"ascension_level":20,"potion_discard_per_floor":[[],[],[],[],[],[],[],[],[],[],[],[],[],[],[],[],[],[],[],[],[],["CunningPotion"],[],[],[],[],[],[],[],["Weak Potion"],[],[],[],[],["LiquidBronze"],["Dexterity Potion"],[],["Energy Potion"],[],[],[],[],[],[],[],[],[],["SteroidPotion"],[],[],[],[],[],[],[],[],[]]}