{"neow_bonuses_skipped_log":["THREE_CARDS","TWENTY_PERCENT_HP_BONUS","BOSS_RELIC"],"neow_costs_skipped_log":["NONE","CURSE","NONE"],"potions_obtained_entropic_brew":[[],[],[],[],[],[],[],[],[],[],[],[],[],[],[],[]],"gold_per_floor":[114,127,127,23,41,85,85,116,140,160,179,218,218,239,239,239],"floor_reached":16,"playtime":1072,"items_purged":["Defend_G"],"score":244,"play_id":"4e170b16-4160-4e46-a018-734438ded016","local_time":"20221018191215","score_breakdown":["Floors Climbed (16): 80","Enemies Slain (6): 12","Exordium Elites Killed (3): 30","Bosses Slain (0): 0","Ascension (20): 122"],"is_ascension_mode":true,"potions_obtained_alchemize":[[],[],[],[],[],[],[],[],[],[],[],[],[],[],[],[]],"campfire_choices":[{"floor":7,"key":"REST"},{"floor":13,"key":"REST"},{"data":"Caltrops","floor":15,"key":"SMITH"}],"lesson_learned_per_floor":[[],[],[],[],[],[],[],[],[],[],[],[],[],[],[],[]],"neow_cost":"NONE","improvable_cards":{},"seed_source_timestamp":6260249143669,"shop_contents":[{"floor":4,"relics":["Shovel","Anchor","Frozen Eye"],"cards":["Glass Knife","Concentrate","Prepared","Caltrops","Deep Breath","Master of Strategy"],"potions":["Explosive Potion","Strength Potion","SpeedPotion"]}],"circlet_count":0,"master_deck":["AscendersBane","Strike_G","Strike_G","Strike_G","Strike_G","Strike_G","Defend_G+1","Defend_G","Defend_G","Defend_G","Survivor+1","Neutralize","Caltrops+1","Choke","Sucker Punch","Acrobatics","Dagger Spray","Adrenaline","Cloak And Dagger","Slice"],"potion_use_per_floor":[[],[],[],[],[],["CultistPotion"],[],["DuplicationPotion","DistilledChaos"],[],[],[],[],[],[],[],[]],"relics":["Ring of the Snake","Golden Idol","War Paint","Snake Skull","Art of War","Blood Vial"],"potions_floor_usage":[6,8,8],"damage_taken":[{"damage":3,"enemies":"Cultist","floor":1,"turns":5},{"damage":7,"enemies":"Small Slimes","floor":2,"turns":4},{"damage":0,"enemies":"Jaw Worm","floor":5,"turns":4},{"damage":33,"enemies":"3 Sentries","floor":6,"turns":9},{"damage":3,"enemies":"Gremlin Nob","floor":8,"turns":3},{"damage":6,"enemies":"2 Fungi Beasts","floor":10,"turns":3},{"damage":0,"enemies":"Blue Slaver","floor":11,"turns":4},{"damage":18,"enemies":"3 Sentries","floor":12,"turns":8},{"damage":0,"enemies":"Looter","floor":14,"turns":3},{"damage":31,"enemies":"Hexaghost","floor":16,"turns":9}],"green_key_taken_log":8,"seed_played":"1743493354304261260","neow_bonus_log":{"cardsObtained":[],"cardsUpgraded":[],"cardsRemoved":[],"cardsTransformed":[],"relicsObtained":[],"maxHpGained":0,"goldGained":0,"damageTaken":0,"goldLost":0,"maxHpLost":0},"potions_obtained":[{"floor":0,"key":"DistilledChaos"},{"floor":0,"key":"ColorlessPotion"},{"floor":0,"key":"CultistPotion"},{"floor":6,"key":"DuplicationPotion"},{"floor":12,"key":"Ancient Potion"}],"is_trial":false,"path_per_floor":["M","M","?","$","M","E","R","E","T","M","M","E","R","M","R","B"],"character_chosen":"THE_SILENT","items_purchased":["Sucker Punch"],"campfire_rested":2,"item_purchase_floors":[4],"current_hp_per_floor":[56,49,49,49,49,16,34,31,31,25,25,7,25,27,27,0],"gold":239,"neow_bonus":"THREE_SMALL_POTIONS","is_prod":false,"is_daily":false,"rewards_skipped":[{"floor":2,"relics":[],"potions":["Explosive Potion"]},{"floor":5,"relics":[],"potions":["Energy Potion"]}],"chose_seed":false,"campfire_upgraded":1,"win_rate":0,"floor_exit_playtime":[117,158,176,203,255,380,386,446,449,537,605,740,744,809,815],"timestamp":1666134735,"path_taken":["M","?","?","$","M","E","R","E","T","M","M","E","R","M","R","BOSS"],"build_version":"2022-10-04","purchased_purges":1,"victory":false,"max_hp_per_floor":[66,66,60,60,60,60,60,60,60,60,60,60,60,60,60,60],"relic_stats":{"Blood Vial":4,"counters":[10,52],"Golden Idol":39,"Snake Skull":[0],"Art of War":[2],"War Paint":["Survivor","Defend_G"],"obtain_stats":[{"Blood Vial":12,"Golden Idol":3,"Snake Skull":8,"Art of War":9,"War Paint":6,"Ring of the Snake":0},{"Blood Vial":8,"Golden Idol":2,"Snake Skull":5,"Art of War":5,"War Paint":4,"Ring of the Snake":0},{"Blood Vial":40,"Golden Idol":9,"Snake Skull":25,"Art of War":25,"War Paint":22,"Ring of the Snake":0}],"Ring of the Snake":[20]},"card_choices":[{"not_picked":["Setup","Flechettes"],"picked":"Caltrops","floor":1},{"not_picked":["Setup","Bane"],"picked":"Choke","floor":2},{"not_picked":["Catalyst","Heel Hook"],"picked":"Acrobatics","floor":5},{"not_picked":["Prepared","Blur"],"picked":"Dagger Spray","floor":6},{"not_picked":["Malaise","Flying Knee"],"picked":"Adrenaline","floor":8},{"not_picked":["Bane","Flechettes"],"picked":"Cloak And Dagger","floor":10},{"not_picked":["Underhanded Strike","Sucker Punch","Dagger Throw"],"picked":"SKIP","floor":11},{"not_picked":["Slice","Dodge and Roll","Quick Slash"],"picked":"SKIP","floor":12},{"not_picked":["Slice","Dodge and Roll","Quick Slash"],"picked":"SKIP","floor":12},{"not_picked":["Sucker Punch","Deflect"],"picked":"Slice","floor":14}],"player_experience":4227174,"relics_obtained":[{"floor":6,"key":"War Paint"},{"floor":8,"key":"Snake Skull"},{"floor":9,"key":"Art of War"},{"floor":12,"key":"Blood Vial"}],"event_choices":[{"damage_healed":0,"gold_gain":0,"player_choice":"Lose Max HP","damage_taken":0,"relics_obtained":["Golden Idol"],"max_hp_gain":0,"max_hp_loss":6,"event_name":"Golden Idol","floor":3,"gold_loss":0}],"is_beta":false,"boss_relics":[],"items_purged_floors":[4],"is_endless":false,"potions_floor_spawned":[2,5,6,12],"killed_by":"Hexaghost","ascension_level":20,"potion_discard_per_floor":[[],[],[],[],[],[],[],[],[],[],[],[],[],[],[],[]]}