{"neow_bonuses_skipped_log":["THREE_CARDS","TRANSFORM_TWO_CARDS","BOSS_RELIC"],"potions_obtained_entropic_brew":[[],[],[],[],[],[],[],[],[],[],[],[],[],[],[],[],[],[],[],[],[],[],[],[],[],[],[],[],[],[],[],[],[],[],[],[]],"neow_costs_skipped_log":["NONE","CURSE","NONE"],"gold_per_floor":[114,114,124,199,124,153,153,18,43,54,83,102,133,147,147,224,224,237,237,69,81,99,99,129,142,167,198,198,228,251,108,108,181,181,194,194],"floor_reached":36,"playtime":4620,"items_purged":["Strike_G"],"score":1034,"play_id":"1c9d4f66-4822-4046-b515-255e2b97b35f","local_time":"20221029184938","score_breakdown":["Floors Climbed (36): 180","Enemies Slain (11): 22","Exordium Elites Killed (3): 30","City Elites Killed (3): 60","Beyond Elites Killed (0): 0","Bosses Slain (2): 150","Champion (2): 50","Overkill: 25","Ascension (20): 517"],"is_ascension_mode":true,"potions_obtained_alchemize":[[],[],[],[],[],[],[],[],[],[],[],[],[],[],[],[],[],[],[],[],[],[],[],[],[],[],[],[],[],[],[],[],[],[],[],[]],"campfire_choices":[{"data":"Deadly Poison","floor":7,"key":"SMITH"},{"data":"Catalyst","floor":15,"key":"SMITH"},{"data":"Tools of the Trade","floor":23,"key":"SMITH"},{"floor":28,"key":"REST"},{"data":"Catalyst","floor":32,"key":"SMITH"}],"lesson_learned_per_floor":[[],[],[],[],[],[],[],[],[],[],[],[],[],[],[],[],[],[],[],[],[],[],[],[],[],[],[],[],[],[],[],[],[],[],[],[]],"neow_cost":"NONE","improvable_cards":{},"seed_source_timestamp":29536354226913,"shop_contents":[{"floor":8,"relics":["Gambling Chip","Potion Belt","Membership Card"],"cards":["Quick Slash","Grand Finale","Deflect","Noxious Fumes","Discovery","Sadistic Nature"],"potions":["ColorlessPotion","GhostInAJar"]},{"floor":20,"relics":["Ninja Scroll","HandDrill"],"cards":["Grand Finale","Quick Slash","Terror","Bullet Time","Envenom","Dramatic Entrance","The Bomb"],"potions":["Dexterity Potion","Block Potion","Weak Potion"]},{"floor":31,"relics":["CeramicFish","Orichalcum","Medical Kit"],"cards":["Flechettes","Slice","Tactician","Dodge and Roll","Panacea","Transmutation"],"potions":["SpeedPotion","ColorlessPotion","Swift Potion"]}],"circlet_count":0,"master_deck":["AscendersBane","Defend_G","Defend_G","Defend_G","Defend_G","Survivor","Neutralize","Acrobatics","Deadly Poison+1","Dagger Spray+1","Tools of the Trade+1","Catalyst+1","Masterful Stab","Calculated Gamble","Sucker Punch","Backflip","Night Terror","Underhanded Strike","Terror","Dash","Catalyst+1","Malaise","Setup+1","Well Laid Plans","Adrenaline","Skewer+1","Catalyst+1","Storm of Steel+1","Dagger Spray+1"],"potion_use_per_floor":[[],[],[],[],[],[],[],[],[],[],[],[],["SteroidPotion"],[],[],[],[],["SkillPotion"],[],[],[],[],[],["Block Potion"],[],[],["Fire Potion"],[],[],[],[],[],[],[],[],["ColorlessPotion","EssenceOfSteel"]],"relics":["Ring of the Snake","NeowsBlessing","Strawberry","Bag of Preparation","Blood Vial","Regal Pillow","Velvet Choker","Happy Flower","Incense Burner","Ice Cream","MawBank","Astrolabe"],"potions_floor_usage":[13,18,24,27,36,36],"damage_taken":[{"damage":0,"enemies":"2 Louse","floor":1,"turns":1},{"damage":0,"enemies":"Cultist","floor":3,"turns":1},{"damage":0,"enemies":"3 Sentries","floor":6,"turns":1},{"damage":0,"enemies":"Jaw Worm","floor":10,"turns":4},{"damage":12,"enemies":"Lagavulin","floor":11,"turns":5},{"damage":0,"enemies":"2 Fungi Beasts","floor":12,"turns":4},{"damage":5,"enemies":"Gremlin Nob","floor":13,"turns":3},{"damage":4,"enemies":"Blue Slaver","floor":14,"turns":3},{"damage":14,"enemies":"Hexaghost","floor":16,"turns":9},{"damage":4,"enemies":"2 Thieves","floor":18,"turns":4},{"damage":0,"enemies":"Chosen","floor":21,"turns":2},{"damage":0,"enemies":"Snecko","floor":22,"turns":2},{"damage":16,"enemies":"Gremlin Leader","floor":24,"turns":4},{"damage":22,"enemies":"Snake Plant","floor":25,"turns":4},{"damage":12,"enemies":"Slavers","floor":27,"turns":6},{"damage":0,"enemies":"Gremlin Leader","floor":29,"turns":5},{"damage":16,"enemies":"Shelled Parasite and Fungi","floor":30,"turns":9},{"damage":22,"enemies":"Automaton","floor":33,"turns":8},{"damage":0,"enemies":"Orb Walker","floor":35,"turns":3},{"damage":66,"enemies":"2 Orb Walkers","floor":36,"turns":4}],"green_key_taken_log":6,"seed_played":"2913681029216639951","neow_bonus_log":{"cardsObtained":[],"cardsUpgraded":[],"cardsRemoved":[],"cardsTransformed":[],"relicsObtained":["NeowsBlessing"],"maxHpGained":0,"goldGained":0,"damageTaken":0,"goldLost":0,"maxHpLost":0},"potions_obtained":[{"floor":10,"key":"SpeedPotion"},{"floor":11,"key":"PowerPotion"},{"floor":13,"key":"SkillPotion"},{"floor":16,"key":"Fire Potion"},{"floor":18,"key":"SkillPotion"},{"floor":21,"key":"Block Potion"},{"floor":29,"key":"EssenceOfSteel"},{"floor":30,"key":"ColorlessPotion"}],"is_trial":false,"path_per_floor":["M","?","M","?","?","E","R","$","T","M","E","M","E","M","R","B",null,"M","?","$","M","M","R","E","M","T","E","R","E","M","$","R","B",null,"M","?"],"character_chosen":"THE_SILENT","items_purchased":["SteroidPotion","Catalyst","Happy Flower","Well Laid Plans"],"campfire_rested":1,"item_purchase_floors":[8,8,20,31],"current_hp_per_floor":[59,59,59,48,48,55,55,55,55,55,43,45,42,40,40,28,62,60,60,60,62,64,64,50,30,30,20,56,58,44,44,44,24,61,63,0],"gold":194,"neow_bonus":"THREE_ENEMY_KILL","is_prod":false,"is_daily":false,"rewards_skipped":[{"floor":22,"relics":[],"potions":["FearPotion"]}],"chose_seed":false,"campfire_upgraded":4,"win_rate":0,"floor_exit_playtime":[123,135,286,290,370,436,444,526,534,602,689,769,847,912,919,1276,1384,1768,1815,1956,2060,2130,2197,2562,2686,2764,3190,3198,3520,3720,3779,3800,4128,4244,4348],"timestamp":1667083778,"blue_key_relic_skipped_log":{"floor":26,"relicID":"Tiny Chest"},"path_taken":["M","?","?","?","?","E","R","?","T","M","E","M","E","M","R","BOSS","M","?","?","M","M","R","E","M","T","E","R","E","M","$","R","BOSS","M","?"],"build_version":"2022-10-04","purchased_purges":1,"victory":false,"max_hp_per_floor":[66,66,66,66,66,73,73,73,73,73,73,73,73,73,73,73,73,73,73,73,73,73,73,73,73,73,73,73,73,73,73,73,73,73,73,73],"relic_stats":{"Blood Vial":30,"Ice Cream":[66],"Regal Pillow":15,"Happy Flower":[15],"counters":[20,82],"Astrolabe":["Skewer","Catalyst","Storm of Steel"],"Bag of Preparation":[34],"MawBank":24,"obtain_stats":[{"Blood Vial":11,"Ice Cream":27,"Regal Pillow":13,"NeowsBlessing":0,"Happy Flower":20,"Strawberry":6,"Astrolabe":34,"Velvet Choker":17,"Bag of Preparation":9,"Incense Burner":24,"MawBank":29,"Ring of the Snake":0},{"Blood Vial":5,"Ice Cream":15,"Regal Pillow":7,"NeowsBlessing":0,"Happy Flower":10,"Strawberry":3,"Astrolabe":18,"Velvet Choker":9,"Bag of Preparation":3,"Incense Burner":13,"MawBank":16,"Ring of the Snake":0},{"Blood Vial":12,"Ice Cream":53,"Regal Pillow":19,"NeowsBlessing":0,"Happy Flower":35,"Strawberry":3,"Astrolabe":75,"Velvet Choker":31,"Bag of Preparation":3,"Incense Burner":43,"MawBank":58,"Ring of the Snake":0}],"Ring of the Snake":[40]},"card_choices":[{"not_picked":["PiercingWail","Infinite Blades"],"picked":"Acrobatics","floor":1},{"not_picked":["Catalyst","PiercingWail"],"picked":"Dagger Spray","floor":3},{"not_picked":["Calculated Gamble","Deflect"],"picked":"Tools of the Trade","floor":6},{"not_picked":["Escape Plan","Expertise"],"picked":"Masterful Stab","floor":10},{"not_picked":["Riddle With Holes","Cloak And Dagger"],"picked":"Calculated Gamble","floor":11},{"not_picked":["Slice","Prepared"],"picked":"Sucker Punch","floor":12},{"not_picked":["Dodge and Roll","Quick Slash","Infinite Blades"],"picked":"SKIP","floor":13},{"not_picked":["Dodge and Roll","Quick Slash","Infinite Blades"],"picked":"SKIP","floor":13},{"not_picked":["Predator","All Out Attack"],"picked":"Backflip","floor":14},{"not_picked":["Bullet Time","Glass Knife"],"picked":"Night Terror","floor":16},{"not_picked":["Cloak And Dagger+1","Endless Agony","Deadly Poison"],"picked":"SKIP","floor":18},{"not_picked":["Dagger Throw","Prepared"],"picked":"Underhanded Strike","floor":21},{"not_picked":["Skewer","Deadly Poison"],"picked":"Terror","floor":22},{"not_picked":["Cloak And Dagger","Deadly Poison"],"picked":"Dash","floor":24},{"not_picked":["Quick Slash","Terror"],"picked":"Catalyst","floor":25},{"not_picked":["Flying Knee","Dagger Spray","Terror"],"picked":"SKIP","floor":27},{"not_picked":["Cloak And Dagger+1","Deadly Poison"],"picked":"Malaise","floor":29},{"not_picked":["Blade Dance","Cloak And Dagger"],"picked":"Setup+1","floor":30},{"not_picked":["Venomology","Tools of the Trade"],"picked":"Adrenaline","floor":33},{"not_picked":["Dash","Prepared+1"],"picked":"Dagger Spray+1","floor":35}],"player_experience":4278329,"relics_obtained":[{"floor":6,"key":"Strawberry"},{"floor":9,"key":"Bag of Preparation"},{"floor":11,"key":"Blood Vial"},{"floor":13,"key":"Regal Pillow"},{"floor":24,"key":"Incense Burner"},{"floor":27,"key":"Ice Cream"},{"floor":29,"key":"MawBank"}],"event_choices":[{"damage_healed":0,"gold_gain":0,"cards_transformed":["Defend_G"],"player_choice":"Transformed","damage_taken":0,"max_hp_gain":0,"max_hp_loss":0,"event_name":"Transmorgrifier","floor":2,"gold_loss":0,"cards_obtained":["Deadly Poison"]},{"damage_healed":0,"gold_gain":75,"player_choice":"Gather Gold","damage_taken":11,"max_hp_gain":0,"max_hp_loss":0,"event_name":"World of Goop","floor":4,"gold_loss":0},{"cards_removed":["Strike_G"],"damage_healed":0,"gold_gain":0,"player_choice":"Card Removal","damage_taken":0,"max_hp_gain":0,"max_hp_loss":0,"event_name":"The Cleric","floor":5,"gold_loss":75},{"damage_healed":0,"gold_gain":0,"player_choice":"Forge","damage_taken":0,"max_hp_gain":0,"max_hp_loss":0,"event_name":"Accursed Blacksmith","floor":19,"gold_loss":0,"cards_upgraded":["Dagger Spray"]},{"damage_healed":0,"gold_gain":0,"player_choice":"Fight","damage_taken":0,"max_hp_gain":0,"max_hp_loss":0,"event_name":"Mysterious Sphere","floor":36,"gold_loss":0}],"is_beta":false,"boss_relics":[{"not_picked":["Philosopher\u0027s Stone","Ectoplasm"],"picked":"Velvet Choker"},{"not_picked":["SacredBark","Tiny House"],"picked":"Astrolabe"}],"items_purged_floors":[31],"is_endless":false,"potions_floor_spawned":[10,11,13,16,18,21,22,29,30],"killed_by":"2 Orb Walkers","ascension_level":20,"potion_discard_per_floor":[[],[],[],[],[],[],[],[],[],[],["SpeedPotion"],[],[],[],[],["PowerPotion"],[],[],[],[],["SkillPotion"],[],[],[],[],[],[],[],[],[],[],[],[],[],[],[]]}