{"neow_bonuses_skipped_log":["ONE_RANDOM_RARE_CARD","THREE_ENEMY_KILL","BOSS_RELIC"],"potions_obtained_entropic_brew":[[],[],[],[],[],[],[],[],[],[],[],[],[],[],[],[],[],[],[],[],[],[],[],[],[],[],[],[],[],[],[],[],[],[],[],[],[],[],[],[],[],[],[],[],[],[],[],[],[],[],[],[],[],[],[],[],[]],"neow_costs_skipped_log":["NONE","NONE","NONE"],"gold_per_floor":[114,126,137,148,158,189,189,224,301,301,311,343,268,294,294,369,369,381,410,410,428,446,481,481,516,516,516,616,643,661,64,64,135,135,154,376,33,1032,1032,1032,1058,1077,1077,1077,1077,616,616,645,645,645,645,645,645,2,27,27],"floor_reached":57,"playtime":7888,"items_purged":["Strike_G","Strike_G","Defend_G"],"score":3513,"play_id":"f84df631-5b36-458a-a5aa-ff3b74a6adb2","local_time":"20221119200407","falling_options_log":["Corpse Explosion","Noxious Fumes+1"],"score_breakdown":["Floors Climbed (57): 285","Enemies Slain (12): 24","Exordium Elites Killed (4): 40","City Elites Killed (3): 60","Beyond Elites Killed (2): 60","Bosses Slain (5): 750","I Like Shiny: 50","Raining Money (2047): 50","Collector (1): 25","Champion (5): 125","Beyond Perfect: 200","Overkill: 25","Ascension (20): 1569","Heartbreaker: 250"],"is_ascension_mode":true,"potions_obtained_alchemize":[[],[],[],["Regen Potion"],["CunningPotion"],["EssenceOfSteel"],[],["Regen Potion"],[],[],["SmokeBomb"],["Poison Potion"],[],["Fire Potion"],[],["LiquidBronze"],[],["Fire Potion"],[],[],["Regen Potion"],["SteroidPotion"],["SmokeBomb"],[],["Regen Potion","Fire Potion","Dexterity Potion","CultistPotion"],[],[],[],["Energy Potion","Fire Potion","GamblersBrew","SneckoOil"],["SkillPotion"],[],[],["Explosive Potion"],[],[],[],[],[],[],[],["Swift Potion"],["SpeedPotion"],[],[],[],[],[],[],[],["Weak Potion"],["AttackPotion"],[],[],[],[],["BlessingOfTheForge"],[]],"campfire_choices":[{"data":"Skewer","floor":7,"key":"SMITH"},{"data":"Venomology","floor":10,"key":"SMITH"},{"data":"Noxious Fumes","floor":15,"key":"SMITH"},{"floor":24,"key":"REST"},{"data":"Night Terror","floor":27,"key":"SMITH"},{"data":"Calculated Gamble","floor":32,"key":"SMITH"},{"data":"Adrenaline","floor":40,"key":"SMITH"},{"floor":45,"key":"RECALL"},{"data":"Tactician","floor":47,"key":"SMITH"},{"floor":49,"key":"DIG"},{"floor":53,"key":"DIG"}],"lesson_learned_per_floor":[[],[],[],[],[],[],[],[],[],[],[],[],[],[],[],[],[],[],[],[],[],[],[],[],[],[],[],[],[],[],[],[],[],[],[],[],[],[],[],[],[],[],[],[],[],[],[],[],[],[],[],[],[],[],[],[],[]],"neow_cost":"TEN_PERCENT_HP_LOSS","improvable_cards":{},"seed_source_timestamp":21931503356722,"shop_contents":[{"floor":31,"relics":["Regal Pillow"],"cards":["Bane","Slice","Backflip","Infinite Blades+1","Flash of Steel","Metamorphosis"],"potions":["DuplicationPotion","Swift Potion","EssenceOfSteel"]},{"floor":37,"relics":["Oddly Smooth Stone","Lee\u0027s Waffle"],"cards":["Poisoned Stab","Finisher","Deadly Poison","Deflect","Infinite Blades+1","Mind Blast","HandOfGreed"],"potions":["DuplicationPotion","LiquidMemories","EssenceOfSteel"]},{"floor":46,"relics":["Orichalcum","Bottled Flame","HandDrill"],"cards":["Backstab","Heel Hook","Good Instincts","Violence"],"potions":["SteroidPotion","Ancient Potion"]},{"floor":54,"relics":["Thread and Needle"],"cards":["Dash","Eviscerate","Deflect","Panacea","The Bomb"],"potions":["Energy Potion","Explosive Potion","Fire Potion"]}],"circlet_count":0,"master_deck":["AscendersBane","Defend_G","Defend_G","Defend_G","Survivor","Neutralize","Skewer+1","Venomology+1","Underhanded Strike","Calculated Gamble+1","Acrobatics","Backstab","Noxious Fumes+1","Acrobatics","Night Terror+1","Acrobatics","Reflex","Acrobatics","Deflect","Corpse Explosion","Backflip","Wraith Form v2+1","Prepared+1","Eviscerate","Adrenaline+1","Leg Sweep","Malaise","Tactician+1","Well Laid Plans+1","Bouncing Flask","Terror+1","Tactician","Well Laid Plans+1"],"potion_use_per_floor":[[],[],[],[],["Regen Potion"],["CunningPotion","CunningPotion"],[],["Regen Potion","EssenceOfSteel"],[],[],["Regen Potion"],["EssenceOfSteel"],[],["GamblersBrew"],[],["Poison Potion","LiquidBronze"],[],[],["Fire Potion"],[],["SkillPotion"],["Fire Potion"],["SteroidPotion","Regen Potion"],[],["Regen Potion","Fire Potion","Dexterity Potion"],[],[],["Strength Potion"],["Energy Potion","Fire Potion","GamblersBrew"],["SkillPotion"],[],[],["CultistPotion"],[],[],[],[],[],[],[],["PowerPotion"],["Explosive Potion"],[],[],[],[],[],[],[],["DuplicationPotion"],["Weak Potion","AttackPotion"],[],[],[],[],["Energy Potion","BlessingOfTheForge"],[]],"relics":["Ring of the Snake","TungstenRod","Omamori","Ninja Scroll","FossilizedHelix","Dream Catcher","SacredBark","Red Mask","Snake Skull","Frozen Egg 2","InkBottle","Incense Burner","Matryoshka","Shovel","White Beast Statue","TheAbacus","Busted Crown","Mummified Hand","Art of War","PreservedInsect","Singing Bowl","Gremlin Horn","Bottled Lightning","Anchor","Cauldron","Pear"],"potions_floor_usage":[5,6,6,8,8,11,12,14,16,16,19,21,22,23,23,25,25,25,28,29,29,29,30,33,41,42,50,51,51,56,56],"damage_taken":[{"damage":0,"enemies":"2 Louse","floor":1,"turns":5},{"damage":0,"enemies":"Jaw Worm","floor":2,"turns":5},{"damage":1,"enemies":"Small Slimes","floor":3,"turns":4},{"damage":10,"enemies":"Red Slaver","floor":4,"turns":6},{"damage":14,"enemies":"3 Louse","floor":5,"turns":6},{"damage":8,"enemies":"Gremlin Nob","floor":6,"turns":3},{"damage":13,"enemies":"Lagavulin","floor":8,"turns":7},{"damage":0,"enemies":"Large Slime","floor":11,"turns":6},{"damage":0,"enemies":"3 Sentries","floor":12,"turns":5},{"damage":0,"enemies":"Gremlin Nob","floor":14,"turns":3},{"damage":22,"enemies":"Hexaghost","floor":16,"turns":8},{"damage":0,"enemies":"3 Byrds","floor":18,"turns":5},{"damage":0,"enemies":"Masked Bandits","floor":19,"turns":3},{"damage":0,"enemies":"Spheric Guardian","floor":21,"turns":3},{"damage":10,"enemies":"3 Cultists","floor":22,"turns":5},{"damage":49,"enemies":"Book of Stabbing","floor":23,"turns":5},{"damage":32,"enemies":"Slavers","floor":25,"turns":8},{"damage":0,"enemies":"Colosseum Slavers","floor":28,"turns":4},{"damage":0,"enemies":"Colosseum Nobs","floor":28,"turns":2},{"damage":9,"enemies":"Gremlin Leader","floor":29,"turns":8},{"damage":0,"enemies":"Sentry and Sphere","floor":30,"turns":7},{"damage":0,"enemies":"Collector","floor":33,"turns":6},{"damage":0,"enemies":"3 Shapes","floor":35,"turns":8},{"damage":0,"enemies":"Giant Head","floor":41,"turns":12},{"damage":0,"enemies":"Orb Walker","floor":42,"turns":5},{"damage":0,"enemies":"Nemesis","floor":48,"turns":7},{"damage":0,"enemies":"Time Eater","floor":50,"turns":16},{"damage":0,"enemies":"Donu and Deca","floor":51,"turns":7},{"damage":0,"enemies":"Shield and Spear","floor":55,"turns":6},{"damage":0,"enemies":"The Heart","floor":56,"turns":11}],"green_key_taken_log":23,"seed_played":"464318931461882989","neow_bonus_log":{"cardsObtained":[],"cardsUpgraded":[],"cardsRemoved":["Strike_G","Defend_G"],"cardsTransformed":[],"relicsObtained":[],"maxHpGained":0,"goldGained":0,"damageTaken":0,"goldLost":0,"maxHpLost":6},"potions_obtained":[{"floor":2,"key":"CunningPotion"},{"floor":6,"key":"Regen Potion"},{"floor":8,"key":"GamblersBrew"},{"floor":11,"key":"EssenceOfSteel"},{"floor":19,"key":"SkillPotion"},{"floor":25,"key":"Strength Potion"},{"floor":30,"key":"Explosive Potion"},{"floor":33,"key":"PowerPotion"},{"floor":42,"key":"LiquidBronze"},{"floor":48,"key":"DuplicationPotion"},{"floor":54,"key":"FairyPotion"},{"floor":55,"key":"Energy Potion"}],"is_trial":false,"path_per_floor":["M","M","M","M","M","E","R","E","T","R","M","E","?","E","R","B",null,"M","?","?","M","M","E","R","E","T","R","?","E","M","$","R","B",null,"M","?","$","?","?","R","E","M","T","?","R","$","R","E","R","B","B",null,"R","$","E","B",null],"character_chosen":"THE_SILENT","items_purchased":["White Beast Statue","TheAbacus","Adrenaline","Mummified Hand","Tactician","Well Laid Plans+1","GhostInAJar","Bouncing Flask","Tactician","Anchor","Well Laid Plans+1","Cauldron"],"campfire_rested":1,"item_purchase_floors":[31,31,31,37,46,46,46,46,54,54,54,54],"current_hp_per_floor":[59,59,58,48,49,41,41,43,43,43,58,58,58,58,58,36,54,54,54,54,54,44,14,32,52,52,52,52,43,43,43,43,43,56,56,56,56,56,56,56,56,56,56,56,56,56,56,56,56,56,56,57,57,57,69,69],"gold":27,"neow_bonus":"REMOVE_TWO","is_prod":false,"is_daily":false,"rewards_skipped":[{"floor":35,"relics":[],"potions":["Poison Potion"]},{"floor":41,"relics":[],"potions":["Ancient Potion"]},{"floor":54,"relics":[],"potions":["SteroidPotion","Block Potion","Weak Potion","DistilledChaos"]}],"chose_seed":false,"campfire_upgraded":7,"win_rate":0,"floor_exit_playtime":[140,201,233,343,459,533,541,666,673,682,754,874,881,957,970,1180,1278,1405,1603,1619,1716,2106,2392,2433,2860,2872,2888,3101,3418,3609,3647,3677,4009,4169,4430,4438,4492,4535,4562,4609,4992,5249,5261,5269,5273,5339,5346,5566,5588,6376,7057,7071,7128,7291,7562,7888],"timestamp":1668906247,"blue_key_relic_skipped_log":{"floor":43,"relicID":"Toxic Egg 2"},"path_taken":["M","M","M","M","M","E","R","E","T","R","M","E","?","E","R","BOSS","M","?","?","M","?","E","R","E","T","R","?","E","M","$","R","BOSS","M","?","$","?","?","R","E","M","T","?","R","?","R","E","R","BOSS","BOSS","R","$","E","BOSS"],"build_version":"2022-10-04","purchased_purges":3,"victory":true,"max_hp_per_floor":[60,60,60,60,60,60,60,60,60,60,60,60,60,60,60,60,60,60,60,60,60,60,60,60,60,60,60,60,60,60,60,60,60,60,60,60,60,60,60,60,60,60,60,57,57,57,57,57,57,57,57,57,57,57,69,69],"relic_stats":{"Singing Bowl":2,"Gremlin Horn":[1,1],"counters":[30,186],"Snake Skull":[149],"PreservedInsect":127,"Omamori":2,"White Beast Statue":[0.0,0.0,0.0,0.4,0.0,0.6000000000000001,0.0,0.0,0.0,0.0,0.0,2.7048],"Cauldron":1,"Dream Catcher":1,"Matryoshka":1,"Shovel":2,"TheAbacus":[228],"Busted Crown":12,"Mummified Hand":[56],"Art of War":[23],"Bottled Lightning":"Adrenaline","obtain_stats":[{"Singing Bowl":48,"Gremlin Horn":49,"SacredBark":17,"Snake Skull":23,"Incense Burner":28,"Dream Catcher":14,"Matryoshka":28,"Shovel":29,"TheAbacus":31,"Ninja Scroll":9,"Mummified Hand":37,"Red Mask":19,"InkBottle":26,"Ring of the Snake":0,"Pear":55,"PreservedInsect":43,"Omamori":8,"Frozen Egg 2":25,"White Beast Statue":31,"Cauldron":54,"Anchor":54,"Busted Crown":34,"Art of War":41,"Bottled Lightning":53,"TungstenRod":6,"FossilizedHelix":12},{"Singing Bowl":26,"Gremlin Horn":26,"SacredBark":11,"Snake Skull":16,"Incense Burner":19,"Dream Catcher":10,"Matryoshka":19,"Shovel":20,"TheAbacus":21,"Ninja Scroll":7,"Mummified Hand":23,"Red Mask":13,"InkBottle":17,"Ring of the Snake":0,"Pear":29,"PreservedInsect":25,"Omamori":7,"Frozen Egg 2":17,"White Beast Statue":21,"Cauldron":28,"Anchor":28,"Busted Crown":22,"Art of War":24,"Bottled Lightning":28,"TungstenRod":6,"FossilizedHelix":9},{"Singing Bowl":146,"Gremlin Horn":146,"SacredBark":58,"Snake Skull":79,"Incense Burner":93,"Dream Catcher":50,"Matryoshka":93,"Shovel":101,"TheAbacus":108,"Ninja Scroll":36,"Mummified Hand":122,"Red Mask":66,"InkBottle":87,"Ring of the Snake":0,"Pear":175,"PreservedInsect":139,"Omamori":36,"Frozen Egg 2":87,"White Beast Statue":108,"Cauldron":169,"Anchor":169,"Busted Crown":114,"Art of War":134,"Bottled Lightning":169,"TungstenRod":29,"FossilizedHelix":47}],"TungstenRod":129,"FossilizedHelix":[70],"InkBottle":[50],"Ring of the Snake":[60]},"card_choices":[{"not_picked":["Sucker Punch","Prepared"],"picked":"Dagger Throw","floor":1},{"not_picked":["Quick Slash","Infinite Blades"],"picked":"Skewer","floor":2},{"not_picked":["Flying Knee","Blade Dance"],"picked":"Venomology","floor":3},{"not_picked":["Cloak And Dagger","PiercingWail"],"picked":"Underhanded Strike","floor":4},{"not_picked":["Outmaneuver","Dash"],"picked":"Calculated Gamble","floor":5},{"not_picked":["Escape Plan","Riddle With Holes"],"picked":"Acrobatics","floor":6},{"not_picked":["Storm of Steel","All Out Attack"],"picked":"Backstab","floor":8},{"not_picked":["Backflip","Dagger Spray"],"picked":"Noxious Fumes","floor":11},{"not_picked":["Tactician","Setup"],"picked":"Acrobatics","floor":12},{"not_picked":["Sucker Punch","Quick Slash","Distraction"],"picked":"SKIP","floor":14},{"not_picked":["Malaise","Tools of the Trade"],"picked":"Night Terror","floor":16},{"not_picked":["Heel Hook","Bane"],"picked":"Acrobatics","floor":18},{"not_picked":["Flying Knee","Quick Slash"],"picked":"Reflex","floor":19},{"not_picked":["Blade Dance","Infinite Blades"],"picked":"Acrobatics","floor":21},{"not_picked":["Cloak And Dagger+1","Riddle With Holes"],"picked":"Deflect","floor":22},{"not_picked":["Expertise","Dagger Spray+1"],"picked":"Corpse Explosion","floor":23},{"not_picked":["Deadly Poison","Prepared"],"picked":"Backflip","floor":24},{"not_picked":["Acrobatics+1","Outmaneuver"],"picked":"Wraith Form v2+1","floor":25},{"not_picked":["Distraction","Predator","Riddle With Holes"],"picked":"SKIP","floor":28},{"not_picked":["Deflect+1","Flying Knee"],"picked":"Prepared+1","floor":29},{"not_picked":["All Out Attack","Quick Slash"],"picked":"Eviscerate","floor":30},{"not_picked":[],"picked":"Leg Sweep","floor":35},{"not_picked":[],"picked":"Malaise","floor":41},{"not_picked":["Blade Dance"],"picked":"SKIP","floor":42},{"not_picked":["Blade Dance"],"picked":"SKIP","floor":42},{"not_picked":[],"picked":"Terror+1","floor":48},{"not_picked":["Flechettes+1"],"picked":"Singing Bowl","floor":55}],"player_experience":4485575,"relics_obtained":[{"floor":6,"key":"TungstenRod"},{"floor":8,"key":"Omamori"},{"floor":9,"key":"Ninja Scroll"},{"floor":12,"key":"FossilizedHelix"},{"floor":14,"key":"Dream Catcher"},{"floor":19,"key":"Red Mask"},{"floor":23,"key":"Snake Skull"},{"floor":25,"key":"Frozen Egg 2"},{"floor":26,"key":"InkBottle"},{"floor":28,"key":"Incense Burner"},{"floor":28,"key":"Matryoshka"},{"floor":29,"key":"Shovel"},{"floor":41,"key":"Art of War"},{"floor":43,"key":"PreservedInsect"},{"floor":48,"key":"Singing Bowl"},{"floor":49,"key":"Gremlin Horn"},{"floor":53,"key":"Bottled Lightning"},{"floor":55,"key":"Pear"}],"event_choices":[{"cards_removed":["Strike_G"],"damage_healed":0,"gold_gain":0,"player_choice":"Card Removal","damage_taken":0,"max_hp_gain":0,"max_hp_loss":0,"event_name":"The Cleric","floor":13,"gold_loss":75},{"damage_healed":0,"gold_gain":0,"player_choice":"Fought Bandits","damage_taken":0,"max_hp_gain":0,"max_hp_loss":0,"event_name":"Masked Bandits","floor":19,"gold_loss":0},{"cards_removed":["Strike_G"],"damage_healed":0,"gold_gain":0,"player_choice":"Offered Basic","damage_taken":0,"max_hp_gain":0,"max_hp_loss":0,"event_name":"Bonfire Elementals","floor":20,"gold_loss":0},{"damage_healed":0,"gold_gain":0,"player_choice":"Fight","damage_taken":0,"max_hp_gain":0,"max_hp_loss":0,"event_name":"Colosseum","floor":28,"gold_loss":0},{"damage_healed":0,"gold_gain":0,"player_choice":"Fought Nobs","damage_taken":0,"max_hp_gain":0,"max_hp_loss":0,"event_name":"Colosseum","floor":28,"gold_loss":0},{"damage_healed":0,"gold_gain":222,"player_choice":"Wore Mask","damage_taken":0,"max_hp_gain":0,"max_hp_loss":0,"event_name":"Tomb of Lord Red Mask","floor":36,"gold_loss":0},{"damage_healed":0,"gold_gain":999,"player_choice":"Gold","damage_taken":0,"max_hp_gain":0,"max_hp_loss":0,"event_name":"MindBloom","floor":38,"gold_loss":0,"cards_obtained":["Normality","Normality"]},{"cards_removed":["Dagger Throw"],"damage_healed":0,"gold_gain":0,"player_choice":"Removed Attack","damage_taken":0,"max_hp_gain":0,"max_hp_loss":0,"event_name":"Falling","floor":39,"gold_loss":0},{"damage_healed":0,"gold_gain":0,"player_choice":"Max HP","damage_taken":0,"max_hp_gain":0,"max_hp_loss":3,"event_name":"Winding Halls","floor":44,"gold_loss":0}],"is_beta":false,"boss_relics":[{"not_picked":["Tiny House","Ectoplasm"],"picked":"SacredBark"},{"not_picked":["Snecko Eye","Ring of the Serpent"],"picked":"Busted Crown"}],"items_purged_floors":[37,46,54],"is_endless":false,"potions_floor_spawned":[2,6,8,11,19,25,28,30,33,35,41,42,48,55],"ascension_level":20,"potion_discard_per_floor":[[],[],[],[],[],[],[],[],[],[],["SmokeBomb"],[],[],[],[],[],[],[],[],[],[],[],[],[],["SmokeBomb"],[],[],[],[],["SneckoOil"],[],[],["Explosive Potion"],[],[],[],[],[],[],[],[],["SpeedPotion"],[],[],[],["LiquidBronze"],[],["Swift Potion"],[],[],[],[],[],[],["FairyPotion"],[],[]]}