{"neow_bonuses_skipped_log":["ONE_RANDOM_RARE_CARD","RANDOM_COMMON_RELIC","BOSS_RELIC"],"potions_obtained_entropic_brew":[[],[],[],[],[],[],[],[],[],[],[],[],[],[],[],[],[],[],[],[],[],[],[],[],[],[],[],[],[],[],[],[],[],[],[],[],[],[],[],[],[],[],[],[],[],[],[],[],[],[],[],[],[],[],[],[],[]],"neow_costs_skipped_log":["NONE","NONE","NONE"],"gold_per_floor":[363,374,385,52,69,94,94,112,167,167,197,122,122,153,153,225,225,242,242,157,40,52,80,80,107,107,107,133,133,165,176,176,250,250,260,260,98,116,16,51,51,81,105,135,135,160,160,185,185,185,185,185,185,13,43,43],"floor_reached":57,"playtime":5501,"items_purged":["Strike_G","Strike_G"],"score":3595,"play_id":"1d992051-882b-4fcb-9913-51ea8801c4b3","local_time":"20221124201157","score_breakdown":["Floors Climbed (57): 285","Enemies Slain (10): 20","Exordium Elites Killed (3): 30","City Elites Killed (4): 80","Beyond Elites Killed (4): 120","Bosses Slain (5): 750","Librarian: 25","Champion (6): 150","Beyond Perfect: 200","Overkill: 25","Ascension (20): 1660","Heartbreaker: 250"],"is_ascension_mode":true,"potions_obtained_alchemize":[[],[],[],[],[],[],[],[],[],[],[],[],[],[],[],[],[],[],[],[],[],[],[],[],[],[],[],[],[],[],[],[],[],[],[],[],[],[],[],[],[],[],[],[],[],[],[],[],[],[],[],[],[],[],[],[],[]],"campfire_choices":[{"data":"Glass Knife","floor":7,"key":"SMITH"},{"data":"Bouncing Flask","floor":10,"key":"SMITH"},{"data":"Noxious Fumes","floor":13,"key":"SMITH"},{"data":"Sucker Punch","floor":15,"key":"SMITH"},{"data":"Wraith Form v2","floor":24,"key":"SMITH"},{"data":"Tools of the Trade","floor":27,"key":"SMITH"},{"data":"Catalyst","floor":32,"key":"SMITH"},{"data":"Calculated Gamble","floor":47,"key":"SMITH"},{"floor":49,"key":"RECALL"},{"data":"Acrobatics","floor":53,"key":"SMITH"}],"lesson_learned_per_floor":[[],[],[],[],[],[],[],[],[],[],[],[],[],[],[],[],[],[],[],[],[],[],[],[],[],[],[],[],[],[],[],[],[],[],[],[],[],[],[],[],[],[],[],[],[],[],[],[],[],[],[],[],[],[],[],[],[]],"neow_cost":"TEN_PERCENT_HP_LOSS","improvable_cards":{},"seed_source_timestamp":25421352024384,"shop_contents":[{"floor":4,"relics":["CeramicFish","Cauldron"],"cards":["Underhanded Strike","Slice","Distraction","Setup","Infinite Blades","Madness","Panache"],"potions":["DuplicationPotion","Swift Potion","CunningPotion"]},{"floor":21,"relics":["Omamori","Eternal Feather","Medical Kit"],"cards":["Dagger Spray","Finisher","Deflect","Dodge and Roll","Impatience","Chrysalis"],"potions":["AttackPotion","Explosive Potion","SteroidPotion"]},{"floor":37,"relics":["Matryoshka","Ancient Tea Set"],"cards":["Quick Slash","Slice","Deadly Poison","Backflip","Accuracy","Mind Blast","Transmutation"],"potions":["Strength Potion","BlessingOfTheForge","Regen Potion"]},{"floor":39,"relics":["Dream Catcher","InkBottle","Chemical X"],"cards":["Dagger Spray","Dagger Throw","Doppelganger","Venomology","Accuracy","Mind Blast","Thinking Ahead"],"potions":["Explosive Potion","LiquidMemories","Fire Potion"]},{"floor":54,"relics":["Blood Vial","Ginger","Sling"],"cards":["Quick Slash","Skewer","Tactician","Dodge and Roll","Infinite Blades","Apotheosis"],"potions":["AttackPotion","SkillPotion"]}],"circlet_count":0,"master_deck":["AscendersBane","Defend_G","Defend_G","Defend_G","Defend_G","Defend_G","Survivor","Neutralize","Sucker Punch+1","Bouncing Flask+1","Eviscerate","Glass Knife+1","Dagger Throw","Noxious Fumes+1","After Image","Tools of the Trade+1","Backstab","Die Die Die","Footwork","Catalyst+1","Wraith Form v2+1","After Image","Outmaneuver+1","PiercingWail","Tactician+1","Blur","Corpse Explosion","Wraith Form v2+1","Calculated Gamble+1","Tactician","Catalyst+1","Dodge and Roll+1","Reflex","Reflex+1","Acrobatics+1","Dark Shackles","Deadly Poison+1"],"potion_use_per_floor":[[],[],[],[],[],[],[],[],[],[],["Regen Potion"],[],[],[],[],[],[],[],[],[],[],[],["SteroidPotion"],[],["Regen Potion"],[],[],[],[],[],[],[],["ColorlessPotion"],[],[],[],[],[],[],[],[],["Swift Potion"],[],[],[],[],[],[],[],[],[],[],[],[],[],["GhostInAJar","Ancient Potion"],[]],"relics":["Ring of the Snake","Thread and Needle","Sundial","Nunchaku","Bottled Flame","Pen Nib","Runic Pyramid","WingedGreaves","Blue Candle","Toy Ornithopter","Oddly Smooth Stone","SlaversCollar","DollysMirror","Happy Flower","MealTicket","Bag of Marbles","Juzu Bracelet","Pantograph","Ice Cream","Orichalcum"],"potions_floor_usage":[11,23,25,33,42,56,56],"damage_taken":[{"damage":1,"enemies":"2 Louse","floor":1,"turns":3},{"damage":2,"enemies":"Small Slimes","floor":2,"turns":4},{"damage":1,"enemies":"Cultist","floor":3,"turns":4},{"damage":0,"enemies":"Blue Slaver","floor":5,"turns":4},{"damage":20,"enemies":"Gremlin Nob","floor":6,"turns":4},{"damage":1,"enemies":"Gremlin Gang","floor":8,"turns":7},{"damage":5,"enemies":"Lagavulin","floor":11,"turns":5},{"damage":7,"enemies":"Gremlin Nob","floor":14,"turns":3},{"damage":0,"enemies":"The Guardian","floor":16,"turns":8},{"damage":0,"enemies":"Chosen","floor":18,"turns":3},{"damage":8,"enemies":"3 Byrds","floor":22,"turns":5},{"damage":0,"enemies":"Slavers","floor":23,"turns":1},{"damage":1,"enemies":"Book of Stabbing","floor":25,"turns":6},{"damage":13,"enemies":"Slavers","floor":28,"turns":6},{"damage":0,"enemies":"Book of Stabbing","floor":30,"turns":7},{"damage":0,"enemies":"Snecko","floor":31,"turns":4},{"damage":1,"enemies":"Automaton","floor":33,"turns":9},{"damage":10,"enemies":"3 Darklings","floor":35,"turns":4},{"damage":6,"enemies":"Orb Walker","floor":38,"turns":4},{"damage":0,"enemies":"Giant Head","floor":40,"turns":8},{"damage":0,"enemies":"Nemesis","floor":42,"turns":5},{"damage":0,"enemies":"Reptomancer","floor":44,"turns":6},{"damage":0,"enemies":"Nemesis","floor":46,"turns":7},{"damage":0,"enemies":"Mind Bloom Boss Battle","floor":48,"turns":8},{"damage":0,"enemies":"Donu and Deca","floor":50,"turns":6},{"damage":0,"enemies":"Time Eater","floor":51,"turns":6},{"damage":2,"enemies":"Shield and Spear","floor":55,"turns":5},{"damage":28,"enemies":"The Heart","floor":56,"turns":11}],"green_key_taken_log":44,"seed_played":"4441336132453344999","neow_bonus_log":{"cardsObtained":[],"cardsUpgraded":[],"cardsRemoved":[],"cardsTransformed":[],"relicsObtained":[],"maxHpGained":0,"goldGained":250,"damageTaken":0,"goldLost":0,"maxHpLost":6},"potions_obtained":[{"floor":3,"key":"Regen Potion"},{"floor":8,"key":"SteroidPotion"},{"floor":11,"key":"Energy Potion"},{"floor":16,"key":"Regen Potion"},{"floor":25,"key":"Weak Potion"},{"floor":28,"key":"GhostInAJar"},{"floor":31,"key":"ColorlessPotion"},{"floor":38,"key":"Swift Potion"},{"floor":42,"key":"BlessingOfTheForge"}],"is_trial":false,"path_per_floor":["M","M","M","$","M","E","R","M","T","R","E","?","R","E","R","B",null,"M","?","?","$","M","E","R","E","T","R","E","?","E","M","R","B",null,"M","?","$","M","$","E","?","E","T","E","?","E","R","?","R","B","B",null,"R","$","E","B",null],"character_chosen":"THE_SILENT","items_purchased":["Thread and Needle","Footwork","DollysMirror","Dark Shackles","Ancient Potion"],"campfire_rested":0,"item_purchase_floors":[4,21,37,54,54],"current_hp_per_floor":[58,56,55,55,55,35,35,34,34,34,44,44,44,37,37,37,54,54,54,54,54,46,46,46,60,60,60,47,47,47,47,47,51,58,48,48,48,42,42,42,42,47,47,47,47,47,47,57,57,57,57,57,57,57,55,39],"gold":43,"neow_bonus":"TWO_FIFTY_GOLD","is_prod":false,"is_daily":false,"rewards_skipped":[{"floor":30,"relics":["Tiny Chest"],"potions":[]},{"floor":48,"relics":[],"potions":["SmokeBomb"]}],"chose_seed":false,"campfire_upgraded":9,"win_rate":0,"floor_exit_playtime":[184,243,314,398,499,610,616,802,806,820,933,938,955,1012,1026,1297,1367,1463,1505,1553,1614,1844,1885,1898,2120,2123,2174,2401,2489,2664,2775,2784,3005,3266,3437,3447,3546,3623,3637,3811,3844,3935,3945,4061,4069,4216,4232,4415,4432,4588,4822,4833,4891,4941,5089,5501],"timestamp":1669338717,"blue_key_relic_skipped_log":{"floor":26,"relicID":"StrikeDummy"},"path_taken":["M","M","M","$","M","E","R","M","T","R","E","?","R","E","R","BOSS","M","?","?","$","M","E","R","E","T","R","E","?","E","M","R","BOSS","M","?","?","M","$","E","?","E","T","E","?","E","R","?","R","BOSS","BOSS","R","$","E","BOSS"],"build_version":"2022-10-04","purchased_purges":2,"victory":true,"max_hp_per_floor":[60,60,60,60,60,60,60,60,60,60,60,60,60,60,60,60,60,60,60,60,60,60,60,60,60,60,60,60,60,60,60,60,60,60,60,60,60,60,60,60,60,60,60,60,57,57,57,57,57,57,57,57,57,57,57,57],"relic_stats":{"Ice Cream":[74],"Happy Flower":[18],"counters":[28,153],"Blue Candle":[0],"Pen Nib":[14],"Juzu Bracelet":1,"Orichalcum":[24],"Nunchaku":[15],"Bottled Flame":"Glass Knife","Sundial":[16],"Pantograph":12,"MealTicket":0,"WingedGreaves":3,"obtain_stats":[{"Ice Cream":48,"Happy Flower":40,"Blue Candle":23,"Oddly Smooth Stone":28,"Thread and Needle":4,"Pen Nib":14,"Juzu Bracelet":44,"Orichalcum":55,"SlaversCollar":34,"Nunchaku":9,"Bottled Flame":11,"Sundial":6,"DollysMirror":37,"Pantograph":46,"MealTicket":42,"WingedGreaves":20,"Bag of Marbles":43,"Toy Ornithopter":25,"Ring of the Snake":0,"Runic Pyramid":17},{"Ice Cream":24,"Happy Flower":20,"Blue Candle":12,"Oddly Smooth Stone":14,"Thread and Needle":3,"Pen Nib":8,"Juzu Bracelet":22,"Orichalcum":27,"SlaversCollar":17,"Nunchaku":6,"Bottled Flame":7,"Sundial":5,"DollysMirror":18,"Pantograph":23,"MealTicket":21,"WingedGreaves":10,"Bag of Marbles":21,"Toy Ornithopter":13,"Ring of the Snake":0,"Runic Pyramid":9},{"Ice Cream":125,"Happy Flower":99,"Blue Candle":51,"Oddly Smooth Stone":63,"Thread and Needle":11,"Pen Nib":34,"Juzu Bracelet":110,"Orichalcum":142,"SlaversCollar":83,"Nunchaku":26,"Bottled Flame":31,"Sundial":19,"DollysMirror":87,"Pantograph":117,"MealTicket":104,"WingedGreaves":45,"Bag of Marbles":104,"Toy Ornithopter":57,"Ring of the Snake":0,"Runic Pyramid":42}],"Toy Ornithopter":20,"Ring of the Snake":[56]},"card_choices":[{"not_picked":["Deflect","Blur"],"picked":"Sucker Punch","floor":1},{"not_picked":["Quick Slash","Endless Agony"],"picked":"Bouncing Flask","floor":2},{"not_picked":["Dagger Spray","Escape Plan"],"picked":"Eviscerate","floor":3},{"not_picked":["Outmaneuver","Flechettes"],"picked":"Glass Knife","floor":5},{"not_picked":["Riddle With Holes","Caltrops"],"picked":"Dagger Throw","floor":6},{"not_picked":["Concentrate","Quick Slash","Riddle With Holes"],"picked":"SKIP","floor":8},{"not_picked":["Dodge and Roll","Endless Agony"],"picked":"Noxious Fumes","floor":11},{"not_picked":["Dagger Throw","Deadly Poison"],"picked":"After Image","floor":14},{"not_picked":["Malaise","After Image"],"picked":"Tools of the Trade","floor":16},{"not_picked":["Predator","Outmaneuver"],"picked":"Catalyst","floor":22},{"not_picked":["Underhanded Strike","All Out Attack"],"picked":"Wraith Form v2","floor":23},{"not_picked":["Endless Agony","Accuracy"],"picked":"After Image","floor":25},{"not_picked":["Masterful Stab","Acrobatics"],"picked":"Outmaneuver+1","floor":28},{"not_picked":["Caltrops","Tactician","Finisher","Dagger Throw","Backstab","Flying Knee","Bouncing Flask","Outmaneuver","Terror","Slice","Riddle With Holes","Distraction","Dagger Spray","Acrobatics","Underhanded Strike","Expertise","Deflect","Backflip","Blade Dance"],"picked":"PiercingWail","floor":29},{"not_picked":["Poisoned Stab","Dagger Throw+1"],"picked":"Tactician","floor":30},{"not_picked":["Sucker Punch","Dagger Throw"],"picked":"Blur","floor":31},{"not_picked":["Glass Knife","A Thousand Cuts"],"picked":"Corpse Explosion","floor":33},{"not_picked":["Expertise","Outmaneuver+1","Finisher"],"picked":"SKIP","floor":35},{"not_picked":["Underhanded Strike","Expertise"],"picked":"Calculated Gamble","floor":38},{"not_picked":["All Out Attack","Dodge and Roll"],"picked":"Tactician","floor":40},{"not_picked":["Flechettes+1","Bane"],"picked":"Dodge and Roll+1","floor":42},{"not_picked":["Backstab+1","Escape Plan"],"picked":"Reflex","floor":44},{"not_picked":["Bouncing Flask","Underhanded Strike"],"picked":"Reflex+1","floor":46},{"not_picked":["Slice","Dagger Throw"],"picked":"Acrobatics","floor":48},{"not_picked":["Bullet Time","Riddle With Holes"],"picked":"Deadly Poison+1","floor":55}],"player_experience":4526253,"relics_obtained":[{"floor":6,"key":"Sundial"},{"floor":9,"key":"Nunchaku"},{"floor":11,"key":"Bottled Flame"},{"floor":14,"key":"Pen Nib"},{"floor":23,"key":"Blue Candle"},{"floor":25,"key":"Toy Ornithopter"},{"floor":28,"key":"Oddly Smooth Stone"},{"floor":40,"key":"Happy Flower"},{"floor":42,"key":"MealTicket"},{"floor":43,"key":"Bag of Marbles"},{"floor":44,"key":"Juzu Bracelet"},{"floor":46,"key":"Pantograph"},{"floor":48,"key":"Ice Cream"},{"floor":55,"key":"Orichalcum"}],"event_choices":[{"cards_removed":["Strike_G"],"damage_healed":0,"gold_gain":0,"player_choice":"Card Removal","damage_taken":0,"max_hp_gain":0,"max_hp_loss":0,"event_name":"The Cleric","floor":12,"gold_loss":75},{"damage_healed":0,"gold_gain":0,"cards_transformed":["Strike_G","Strike_G"],"player_choice":"Became Test Subject","damage_taken":0,"max_hp_gain":0,"max_hp_loss":0,"event_name":"Drug Dealer","floor":19,"gold_loss":0,"cards_obtained":["Backstab","Die Die Die"]},{"damage_healed":0,"gold_gain":0,"player_choice":"Obtained Relic","damage_taken":0,"relics_obtained":["WingedGreaves"],"max_hp_gain":0,"max_hp_loss":0,"event_name":"Addict","floor":20,"gold_loss":85},{"damage_healed":0,"gold_gain":0,"player_choice":"Read","damage_taken":0,"max_hp_gain":0,"max_hp_loss":0,"event_name":"The Library","floor":29,"gold_loss":0,"cards_obtained":["PiercingWail"]},{"damage_healed":0,"gold_gain":0,"player_choice":"Upgraded","damage_taken":0,"max_hp_gain":0,"max_hp_loss":0,"event_name":"Upgrade Shrine","floor":36,"gold_loss":0,"cards_upgraded":["Tactician"]},{"damage_healed":0,"gold_gain":0,"player_choice":"Copied","damage_taken":0,"max_hp_gain":0,"max_hp_loss":0,"event_name":"Duplicator","floor":41,"gold_loss":0,"cards_obtained":["Catalyst"]},{"damage_healed":0,"gold_gain":0,"player_choice":"Max HP","damage_taken":0,"max_hp_gain":0,"max_hp_loss":3,"event_name":"Winding Halls","floor":45,"gold_loss":0},{"damage_healed":0,"gold_gain":0,"player_choice":"Fight","damage_taken":0,"max_hp_gain":0,"max_hp_loss":0,"event_name":"MindBloom","floor":48,"gold_loss":0}],"is_beta":false,"boss_relics":[{"not_picked":["Snecko Eye","WristBlade"],"picked":"Runic Pyramid"},{"not_picked":["Fusion Hammer","HoveringKite"],"picked":"SlaversCollar"}],"items_purged_floors":[21,39],"is_endless":false,"potions_floor_spawned":[3,8,11,16,25,28,31,38,42,48],"ascension_level":20,"potion_discard_per_floor":[[],[],[],[],[],[],[],[],[],[],[],[],[],[],[],["Energy Potion"],[],[],[],[],[],[],[],[],[],[],[],[],[],[],["Weak Potion"],[],[],[],[],[],[],[],[],[],[],[],[],[],[],[],[],[],[],[],[],[],[],["BlessingOfTheForge"],[],[],[]]}