{"neow_bonuses_skipped_log":["TEN_PERCENT_HP_BONUS","REMOVE_TWO","BOSS_RELIC"],"neow_costs_skipped_log":["NONE","NO_GOLD","NONE"],"potions_obtained_entropic_brew":[[],[],[],[],[],[],[],[],[],[],[],[],[],[],[],[],[],[],[],[],[],[],[],[],[],[],[],[],[],[],[],[],[],[],[],[],[],[],[],[],[],[],[],[],[],[],[],[],[],[],[],[],[],[],[],[],[]],"gold_per_floor":[110,123,143,160,160,160,201,201,228,27,27,52,71,71,71,151,151,179,204,204,219,13,13,38,65,120,131,142,142,177,77,77,155,155,167,192,192,204,79,79,91,91,114,145,145,171,182,198,198,198,198,198,198,19,53,53],"floor_reached":57,"playtime":5681,"items_purged":["Strike_G","Strike_G","All Out Attack+1","Dagger Throw"],"score":3320,"play_id":"2721dcbe-b1fb-4211-affc-7d511bdb3132","local_time":"20221121223450","falling_options_log":["Calculated Gamble+1","After Image"],"score_breakdown":["Floors Climbed (57): 285","Enemies Slain (15): 30","Exordium Elites Killed (2): 20","City Elites Killed (2): 40","Beyond Elites Killed (2): 60","Bosses Slain (5): 750","Champion (5): 125","Beyond Perfect: 200","C-c-c-combo: 25","Ascension (20): 1535","Heartbreaker: 250"],"is_ascension_mode":true,"potions_obtained_alchemize":[[],[],[],[],[],[],[],[],[],[],[],[],[],[],[],[],[],[],[],[],[],[],[],[],[],[],[],[],[],[],[],[],[],[],[],[],[],[],[],[],[],[],[],[],[],[],[],[],[],[],[],[],[],[],[],[],[]],"campfire_choices":[{"data":"All Out Attack","floor":6,"key":"SMITH"},{"data":"Underhanded Strike","floor":8,"key":"SMITH"},{"floor":11,"key":"REST"},{"data":"Apotheosis","floor":15,"key":"SMITH"},{"data":"Calculated Gamble","floor":23,"key":"SMITH"},{"floor":29,"key":"REST"},{"data":"Adrenaline","floor":32,"key":"SMITH"},{"floor":40,"key":"RECALL"},{"data":"Acrobatics","floor":42,"key":"SMITH"},{"data":"Reflex","floor":45,"key":"SMITH"},{"floor":49,"key":"REST"},{"data":"After Image","floor":53,"key":"SMITH"}],"lesson_learned_per_floor":[[],[],[],[],[],[],[],[],[],[],[],[],[],[],[],[],[],[],[],[],[],[],[],[],[],[],[],[],[],[],[],[],[],[],[],[],[],[],[],[],[],[],[],[],[],[],[],[],[],[],[],[],[],[],[],[],[]],"neow_cost":"NONE","improvable_cards":{},"seed_source_timestamp":21730721338829,"shop_contents":[{"floor":10,"relics":["Juzu Bracelet","Whetstone","Cauldron"],"cards":["Poisoned Stab","Dash","PiercingWail","Deflect","Infinite Blades","Enlightenment"],"potions":["FearPotion","Energy Potion","Weak Potion"]},{"floor":22,"relics":["Strawberry","StrikeDummy","TheAbacus"],"cards":["Grand Finale","Escape Plan","After Image","Swift Strike","Mayhem"],"potions":["DistilledChaos","Strength Potion","FearPotion"]},{"floor":31,"relics":["Pen Nib","Matryoshka","Sling"],"cards":["Poisoned Stab","Flying Knee","Catalyst","Backflip","Infinite Blades","Deep Breath","Metamorphosis"],"potions":["AttackPotion","Swift Potion","Weak Potion"]},{"floor":39,"relics":["Toxic Egg 2","Centennial Puzzle","Lee\u0027s Waffle"],"cards":["Poisoned Stab","Quick Slash","Acrobatics","PiercingWail","Infinite Blades","Bandage Up","Sadistic Nature"],"potions":["Explosive Potion","PowerPotion","Energy Potion"]},{"floor":54,"relics":["Unceasing Top","Du-Vu Doll","Orrery"],"cards":["Masterful Stab","Predator","Corpse Explosion","Accuracy","PanicButton","Apotheosis"],"potions":["AttackPotion","Ancient Potion","Dexterity Potion"]}],"circlet_count":0,"master_deck":["AscendersBane","Defend_G","Defend_G","Defend_G","Defend_G","Survivor","Neutralize","Dagger Throw","Underhanded Strike+1","Terror","PiercingWail","Apotheosis+1","Calculated Gamble+1","After Image+1","Acrobatics+1","Tactician","Eviscerate","Reflex+1","Malaise","Backflip","Calculated Gamble+1","Adrenaline+1","Grand Finale","Calculated Gamble+1","Reflex+1","Malaise","Acrobatics","Backflip","Prepared"],"potion_use_per_floor":[[],[],[],[],[],[],["Fruit Juice"],[],[],[],[],[],[],[],[],[],[],[],[],[],[],[],[],[],[],[],[],[],[],[],[],[],[],[],[],[],[],[],[],[],[],[],[],[],[],[],[],[],[],["Strength Potion"],[],[],[],[],[],[],[]],"relics":["Ring of the Snake","Boot","Happy Flower","Art of War","Runic Pyramid","Nloth\u0027s Gift","Orichalcum","Red Mask","Anchor","Bronze Scales","Empty Cage","TungstenRod","Dream Catcher","Vajra","Toy Ornithopter"],"potions_floor_usage":[7,50],"damage_taken":[{"damage":1,"enemies":"Small Slimes","floor":1,"turns":5},{"damage":0,"enemies":"2 Louse","floor":2,"turns":2},{"damage":0,"enemies":"Cultist","floor":3,"turns":4},{"damage":5,"enemies":"Red Slaver","floor":4,"turns":3},{"damage":17,"enemies":"3 Sentries","floor":7,"turns":7},{"damage":8,"enemies":"Gremlin Nob","floor":12,"turns":3},{"damage":2,"enemies":"2 Fungi Beasts","floor":13,"turns":4},{"damage":0,"enemies":"Slime Boss","floor":16,"turns":7},{"damage":6,"enemies":"2 Thieves","floor":18,"turns":4},{"damage":0,"enemies":"Spheric Guardian","floor":19,"turns":5},{"damage":7,"enemies":"Centurion and Healer","floor":21,"turns":6},{"damage":0,"enemies":"Gremlin Leader","floor":24,"turns":6},{"damage":6,"enemies":"Masked Bandits","floor":25,"turns":3},{"damage":5,"enemies":"Cultist and Chosen","floor":27,"turns":6},{"damage":6,"enemies":"Snake Plant","floor":28,"turns":6},{"damage":0,"enemies":"Book of Stabbing","floor":30,"turns":3},{"damage":0,"enemies":"Collector","floor":33,"turns":3},{"damage":0,"enemies":"Orb Walker","floor":35,"turns":3},{"damage":0,"enemies":"Mind Bloom Boss Battle","floor":36,"turns":6},{"damage":0,"enemies":"3 Shapes","floor":38,"turns":6},{"damage":0,"enemies":"Jaw Worm Horde","floor":41,"turns":3},{"damage":0,"enemies":"Giant Head","floor":44,"turns":3},{"damage":0,"enemies":"Reptomancer","floor":46,"turns":3},{"damage":0,"enemies":"Writhing Mass","floor":47,"turns":3},{"damage":0,"enemies":"Transient","floor":48,"turns":3},{"damage":0,"enemies":"Time Eater","floor":50,"turns":6},{"damage":2,"enemies":"Donu and Deca","floor":51,"turns":3},{"damage":0,"enemies":"Shield and Spear","floor":55,"turns":3},{"damage":38,"enemies":"The Heart","floor":56,"turns":8}],"green_key_taken_log":30,"seed_played":"-7279752522024673557","neow_bonus_log":{"cardsObtained":["Dagger Throw"],"cardsUpgraded":[],"cardsRemoved":[],"cardsTransformed":["Defend_G"],"relicsObtained":[],"maxHpGained":0,"goldGained":0,"damageTaken":0,"goldLost":0,"maxHpLost":0},"potions_obtained":[{"floor":3,"key":"Fruit Juice"},{"floor":4,"key":"FearPotion"},{"floor":7,"key":"Explosive Potion"},{"floor":16,"key":"Explosive Potion"},{"floor":21,"key":"PowerPotion"},{"floor":44,"key":"Strength Potion"}],"is_trial":false,"path_per_floor":["M","M","M","M","?","R","E","R","T","$","R","E","M","?","R","B",null,"M","M","?","M","$","R","E","?","T","M","M","R","E","$","R","B",null,"M","?","?","M","$","R","M","R","T","E","R","E","M","M","R","B","B",null,"R","$","E","B",null],"character_chosen":"THE_SILENT","items_purchased":["Apotheosis","Eviscerate","Reflex","Prepared"],"campfire_rested":3,"item_purchase_floors":[10,22,22,54],"current_hp_per_floor":[58,58,58,53,27,27,15,15,15,15,36,28,26,26,26,26,60,54,54,54,47,47,47,47,41,41,36,30,51,51,51,51,51,66,66,66,66,66,66,66,66,66,66,66,66,66,66,66,71,71,69,71,71,71,71,33],"gold":53,"neow_bonus":"TRANSFORM_CARD","is_prod":false,"is_daily":false,"rewards_skipped":[{"floor":27,"relics":[],"potions":["Strength Potion"]},{"floor":28,"relics":[],"potions":["PowerPotion"]},{"floor":36,"relics":[],"potions":["Block Potion"]},{"floor":48,"relics":[],"potions":["Poison Potion"]}],"chose_seed":false,"campfire_upgraded":8,"win_rate":0,"floor_exit_playtime":[158,200,274,360,400,416,581,602,606,656,660,784,968,1003,1043,1162,1369,1488,1701,1755,1964,2095,2112,2467,2608,2611,2873,3026,3030,3154,3189,3275,3464,3556,3639,3764,3780,3978,4033,4041,4147,4159,4163,4303,4333,4461,4522,4687,4728,4883,5014,5025,5037,5065,5210,5681],"timestamp":1669088090,"blue_key_relic_skipped_log":{"floor":43,"relicID":"War Paint"},"path_taken":["M","M","M","M","?","R","E","R","T","$","R","E","M","?","R","BOSS","M","M","?","?","$","R","E","?","T","M","M","R","E","$","R","BOSS","M","?","?","M","$","R","M","R","T","E","R","E","M","M","R","BOSS","BOSS","R","$","E","BOSS"],"build_version":"2022-10-04","purchased_purges":4,"victory":true,"max_hp_per_floor":[66,66,66,66,66,66,71,71,71,71,71,71,71,71,71,71,71,71,71,71,71,71,71,71,71,71,71,71,71,71,71,71,71,71,71,71,71,71,71,71,71,71,71,71,71,71,71,71,71,71,71,71,71,71,71,71],"relic_stats":{"Dream Catcher":1,"Happy Flower":[35],"counters":[29,127],"Bronze Scales":[203],"Art of War":[21],"Nloth\u0027s Gift":4,"Orichalcum":[72],"Boot":[31],"obtain_stats":[{"Happy Flower":9,"CeramicFish":7,"Vajra":46,"Orichalcum":24,"Boot":5,"Empty Cage":34,"Anchor":26,"Dream Catcher":44,"Bronze Scales":30,"Art of War":12,"Nloth\u0027s Gift":20,"Red Mask":25,"TungstenRod":36,"Toy Ornithopter":55,"Ring of the Snake":0,"Runic Pyramid":17},{"Happy Flower":5,"CeramicFish":5,"Vajra":23,"Orichalcum":12,"Boot":4,"Empty Cage":17,"Anchor":13,"Dream Catcher":22,"Bronze Scales":16,"Art of War":6,"Nloth\u0027s Gift":10,"Red Mask":13,"TungstenRod":19,"Toy Ornithopter":28,"Ring of the Snake":0,"Runic Pyramid":8},{"Happy Flower":21,"CeramicFish":21,"Vajra":101,"Orichalcum":56,"Boot":14,"Empty Cage":77,"Anchor":59,"Dream Catcher":98,"Bronze Scales":74,"Art of War":24,"Nloth\u0027s Gift":44,"Red Mask":59,"TungstenRod":86,"Toy Ornithopter":119,"Ring of the Snake":0,"Runic Pyramid":35}],"TungstenRod":9,"Toy Ornithopter":0,"Ring of the Snake":[58]},"card_choices":[{"not_picked":["Backflip","Blur"],"picked":"Underhanded Strike","floor":1},{"not_picked":["Reflex","Blade Dance"],"picked":"Terror","floor":2},{"not_picked":["Riddle With Holes","Escape Plan"],"picked":"Dagger Throw","floor":3},{"not_picked":["Underhanded Strike","Endless Agony"],"picked":"All Out Attack","floor":4},{"not_picked":["Poisoned Stab","Unload"],"picked":"PiercingWail","floor":7},{"not_picked":["Blade Dance","Catalyst","Blur"],"picked":"SKIP","floor":12},{"not_picked":["All Out Attack","Dagger Throw"],"picked":"Calculated Gamble","floor":13},{"not_picked":["Envenom","A Thousand Cuts"],"picked":"After Image","floor":16},{"not_picked":["Outmaneuver","Masterful Stab+1"],"picked":"Acrobatics","floor":18},{"not_picked":["Bane","Catalyst"],"picked":"Masterful Stab+1","floor":19},{"not_picked":["Deflect","Backflip"],"picked":"Tactician","floor":21},{"not_picked":["Tools of the Trade","Reflex+1"],"picked":"Malaise","floor":24},{"not_picked":["Underhanded Strike+1","Bane","Blade Dance"],"picked":"SKIP","floor":25},{"not_picked":["Outmaneuver","Blade Dance"],"picked":"Backflip","floor":27},{"not_picked":["Dagger Throw","Masterful Stab"],"picked":"Calculated Gamble+1","floor":28},{"not_picked":["Footwork","Unload"],"picked":"Adrenaline","floor":30},{"not_picked":["Phantasmal Killer","Doppelganger"],"picked":"Grand Finale","floor":33},{"not_picked":["Accuracy+1","Well Laid Plans"],"picked":"Calculated Gamble+1","floor":35},{"not_picked":["Doppelganger","Outmaneuver","Blade Dance"],"picked":"SKIP","floor":36},{"not_picked":["Outmaneuver+1","Dodge and Roll+1"],"picked":"Reflex+1","floor":38},{"not_picked":["PiercingWail","Blade Dance","Dash"],"picked":"SKIP","floor":41},{"not_picked":["PiercingWail","Blade Dance","Dash"],"picked":"SKIP","floor":41},{"not_picked":["Backflip","Well Laid Plans"],"picked":"Malaise","floor":44},{"not_picked":["Footwork+1","Leg Sweep+1","Infinite Blades+1"],"picked":"SKIP","floor":46},{"not_picked":["Dagger Spray","Prepared+1"],"picked":"Acrobatics","floor":47},{"not_picked":["Reflex+1","Endless Agony","PiercingWail+1"],"picked":"SKIP","floor":48},{"not_picked":["Heel Hook","PiercingWail+1"],"picked":"Backflip","floor":49},{"not_picked":["Crippling Poison+1","Quick Slash","Wraith Form v2"],"picked":"SKIP","floor":55}],"player_experience":4502611,"relics_obtained":[{"floor":7,"key":"CeramicFish"},{"floor":9,"key":"Happy Flower"},{"floor":12,"key":"Art of War"},{"floor":24,"key":"Orichalcum"},{"floor":25,"key":"Red Mask"},{"floor":26,"key":"Anchor"},{"floor":30,"key":"Bronze Scales"},{"floor":36,"key":"TungstenRod"},{"floor":44,"key":"Dream Catcher"},{"floor":46,"key":"Vajra"},{"floor":55,"key":"Toy Ornithopter"}],"event_choices":[{"damage_healed":0,"gold_gain":0,"player_choice":"Success","damage_taken":26,"relics_obtained":["Boot"],"max_hp_gain":0,"max_hp_loss":0,"event_name":"Scrap Ooze","floor":5,"gold_loss":0},{"cards_removed":["Strike_G"],"damage_healed":0,"gold_gain":0,"player_choice":"Offered Basic","damage_taken":0,"max_hp_gain":0,"max_hp_loss":0,"event_name":"Bonfire Elementals","floor":14,"gold_loss":0},{"damage_healed":0,"gold_gain":0,"player_choice":"Traded Relic","damage_taken":0,"relics_obtained":["Nloth\u0027s Gift"],"max_hp_gain":0,"max_hp_loss":0,"event_name":"N\u0027loth","floor":20,"relics_lost":["CeramicFish"],"gold_loss":0},{"damage_healed":0,"gold_gain":0,"player_choice":"Fought Bandits","damage_taken":0,"max_hp_gain":0,"max_hp_loss":0,"event_name":"Masked Bandits","floor":25,"gold_loss":0},{"damage_healed":0,"gold_gain":0,"player_choice":"Fight","damage_taken":0,"max_hp_gain":0,"max_hp_loss":0,"event_name":"MindBloom","floor":36,"gold_loss":0},{"cards_removed":["Masterful Stab"],"damage_healed":0,"gold_gain":0,"player_choice":"Removed Attack","damage_taken":0,"max_hp_gain":0,"max_hp_loss":0,"event_name":"Falling","floor":37,"gold_loss":0}],"is_beta":false,"boss_relics":[{"not_picked":["Tiny House","Runic Dome"],"picked":"Runic Pyramid"},{"not_picked":["Philosopher\u0027s Stone","Black Star"],"picked":"Empty Cage"}],"items_purged_floors":[22,31,39,54],"is_endless":false,"potions_floor_spawned":[3,4,7,16,21,27,28,36,44,48],"ascension_level":20,"potion_discard_per_floor":[[],[],[],[],[],[],[],[],[],[],[],[],[],[],[],["FearPotion"],[],[],[],[],["Explosive Potion"],[],[],[],[],[],[],[],[],[],[],[],[],[],[],[],[],[],[],[],[],[],[],["Explosive Potion"],[],[],[],[],[],[],[],[],[],[],[],[],[]]}