{"neow_bonuses_skipped_log":["TEN_PERCENT_HP_BONUS"],"potions_obtained_entropic_brew":[[],[],[],[],[],[],[],[],[],[],[],[],[],[],[],[],[],[],[],[],[],[],[]],"neow_costs_skipped_log":["NONE"],"gold_per_floor":[117,117,137,137,212,253,253,253,279,279,94,136,164,193,193,292,319,346,380,380,422,34,34],"floor_reached":23,"playtime":1552,"items_purged":["Defend_G"],"score":444,"play_id":"1daf8f50-9332-457d-b084-57e2247ec50c","local_time":"20221212172931","score_breakdown":["Floors Climbed (23): 115","Enemies Slain (6): 12","Exordium Elites Killed (2): 20","City Elites Killed (0): 0","Bosses Slain (1): 50","Champion (1): 25","Ascension (20): 222"],"is_ascension_mode":true,"potions_obtained_alchemize":[[],[],[],[],[],[],[],[],[],[],[],[],[],[],[],[],[],[],[],[],[],[],[]],"campfire_choices":[{"data":"Deadly Poison","floor":8,"key":"SMITH"},{"data":"Sucker Punch","floor":10,"key":"SMITH"},{"data":"Noxious Fumes","floor":15,"key":"SMITH"}],"lesson_learned_per_floor":[[],[],[],[],[],[],[],[],[],[],[],[],[],[],[],[],[],[],[],[],[],[],[]],"neow_cost":"NONE","improvable_cards":{},"seed_source_timestamp":31794730264574,"shop_contents":[{"floor":11,"relics":["CaptainsWheel","Omamori","Lee\u0027s Waffle"],"cards":["Heel Hook","Choke","Dodge and Roll","Infinite Blades","Enlightenment","Secret Technique"],"potions":["ColorlessPotion","PowerPotion"]},{"floor":22,"relics":["Nunchaku","PrismaticShard"],"cards":["Sucker Punch","Underhanded Strike","Blade Dance","Caltrops","Mayhem"],"potions":["Ancient Potion"]}],"circlet_count":0,"master_deck":["AscendersBane","Strike_G","Defend_G","Defend_G","Defend_G","Survivor","Neutralize","Masterful Stab","Flying Knee","Deadly Poison+1","Sucker Punch+1","Backflip","Noxious Fumes+1","Poisoned Stab","Calculated Gamble","Wraith Form v2","Accuracy+1","Wraith Form v2+1","Noxious Fumes+1","Backflip","PiercingWail","Tactician","Bandage Up","Backflip"],"potion_use_per_floor":[[],[],[],[],[],[],[],[],[],[],[],[],[],[],[],[],[],[],[],[],["CunningPotion","SteroidPotion"],[],["ColorlessPotion","BlessingOfTheForge"]],"relics":["Ring of the Snake","NeowsBlessing","Golden Idol","Paper Crane","CeramicFish","Astrolabe","Enchiridion","Red Mask","Akabeko"],"potions_floor_usage":[21,21,23,23],"damage_taken":[{"damage":0,"enemies":"Cultist","floor":1,"turns":1},{"damage":0,"enemies":"Jaw Worm","floor":3,"turns":1},{"damage":0,"enemies":"3 Sentries","floor":6,"turns":1},{"damage":10,"enemies":"Lagavulin","floor":12,"turns":6},{"damage":0,"enemies":"2 Louse","floor":13,"turns":2},{"damage":0,"enemies":"Large Slime","floor":14,"turns":4},{"damage":10,"enemies":"Hexaghost","floor":16,"turns":8},{"damage":11,"enemies":"Spheric Guardian","floor":18,"turns":4},{"damage":7,"enemies":"3 Byrds","floor":19,"turns":5},{"damage":8,"enemies":"Masked Bandits","floor":21,"turns":6},{"damage":10,"enemies":"Book of Stabbing","floor":23,"turns":5}],"green_key_taken_log":6,"seed_played":"-2678565400547356988","neow_bonus_log":{"cardsObtained":[],"cardsUpgraded":[],"cardsRemoved":[],"cardsTransformed":[],"relicsObtained":["NeowsBlessing"],"maxHpGained":0,"goldGained":0,"damageTaken":0,"goldLost":0,"maxHpLost":0},"potions_obtained":[{"floor":3,"key":"Poison Potion"},{"floor":13,"key":"CunningPotion"}],"is_trial":false,"path_per_floor":["M","?","M","?","?","E","?","R","T","R","$","E","M","M","R","B",null,"M","M","?","?","$","E"],"character_chosen":"THE_SILENT","items_purchased":["Backflip","SteroidPotion","Bandage Up","Akabeko","ColorlessPotion","BlessingOfTheForge","Backflip"],"campfire_rested":0,"item_purchase_floors":[11,11,22,22,22,22,22],"current_hp_per_floor":[59,59,59,59,48,48,41,41,41,41,41,31,31,31,31,21,50,39,32,11,3,3,0],"gold":34,"neow_bonus":"THREE_ENEMY_KILL","is_prod":false,"is_daily":false,"rewards_skipped":[{"floor":12,"relics":[],"potions":["Regen Potion"]},{"floor":14,"relics":[],"potions":["AttackPotion"]},{"floor":18,"relics":[],"potions":["Block Potion"]}],"chose_seed":false,"campfire_upgraded":3,"win_rate":0,"floor_exit_playtime":[49,55,63,76,81,103,154,160,167,189,317,417,469,508,514,698,794,835,924,996,1175,1231],"timestamp":1670884171,"blue_key_relic_skipped_log":{"floor":9,"relicID":"MawBank"},"path_taken":["M","?","M","?","?","E","?","R","T","R","$","E","?","M","R","BOSS","M","M","?","?","$","E"],"build_version":"2022-12-01","purchased_purges":1,"victory":false,"max_hp_per_floor":[66,60,60,60,60,60,60,60,60,60,60,60,60,60,60,60,60,60,60,60,60,60,60],"relic_stats":{"counters":[11,43],"Golden Idol":61,"CeramicFish":108,"Astrolabe":["Accuracy","Wraith Form v2","Noxious Fumes"],"obtain_stats":[{"NeowsBlessing":0,"Golden Idol":2,"CeramicFish":12,"Astrolabe":17,"Enchiridion":20,"Red Mask":21,"Paper Crane":6,"Akabeko":22,"Ring of the Snake":0},{"NeowsBlessing":0,"Golden Idol":1,"CeramicFish":4,"Astrolabe":7,"Enchiridion":9,"Red Mask":10,"Paper Crane":3,"Akabeko":10,"Ring of the Snake":0},{"NeowsBlessing":0,"Golden Idol":1,"CeramicFish":9,"Astrolabe":23,"Enchiridion":32,"Red Mask":38,"Paper Crane":3,"Akabeko":38,"Ring of the Snake":0}],"Ring of the Snake":[22]},"card_choices":[{"not_picked":["Dagger Spray","Leg Sweep"],"picked":"Masterful Stab","floor":1},{"not_picked":["Riddle With Holes","Distraction"],"picked":"Flying Knee","floor":3},{"not_picked":["Cloak And Dagger","Concentrate"],"picked":"Sucker Punch","floor":6},{"not_picked":["All Out Attack","Heel Hook"],"picked":"Noxious Fumes","floor":12},{"not_picked":["Infinite Blades","Deadly Poison"],"picked":"Poisoned Stab","floor":13},{"not_picked":["Sucker Punch","Setup"],"picked":"Calculated Gamble","floor":14},{"not_picked":["Venomology","Doppelganger"],"picked":"Wraith Form v2","floor":16},{"not_picked":["Outmaneuver","Underhanded Strike+1"],"picked":"Backflip","floor":18},{"not_picked":["Infinite Blades","Endless Agony"],"picked":"PiercingWail","floor":19},{"not_picked":["Poisoned Stab","Sucker Punch"],"picked":"Tactician","floor":21}],"player_experience":4705833,"relics_obtained":[{"floor":6,"key":"Paper Crane"},{"floor":12,"key":"CeramicFish"},{"floor":20,"key":"Enchiridion"},{"floor":21,"key":"Red Mask"}],"event_choices":[{"damage_healed":0,"gold_gain":0,"player_choice":"Lose Max HP","damage_taken":0,"relics_obtained":["Golden Idol"],"max_hp_gain":0,"max_hp_loss":6,"event_name":"Golden Idol","floor":2,"gold_loss":0},{"damage_healed":0,"gold_gain":0,"cards_transformed":["Defend_G"],"player_choice":"Change","damage_taken":0,"max_hp_gain":0,"max_hp_loss":0,"event_name":"Living Wall","floor":4,"gold_loss":0,"cards_obtained":["Deadly Poison"]},{"damage_healed":0,"gold_gain":75,"player_choice":"Gather Gold","damage_taken":11,"max_hp_gain":0,"max_hp_loss":0,"event_name":"World of Goop","floor":5,"gold_loss":0},{"cards_removed":["Strike_G"],"damage_healed":0,"gold_gain":0,"player_choice":"Card Removal","damage_taken":7,"max_hp_gain":0,"max_hp_loss":0,"event_name":"Golden Wing","floor":7,"gold_loss":0},{"damage_healed":0,"gold_gain":0,"player_choice":"Obtained Book","damage_taken":21,"max_hp_gain":0,"max_hp_loss":0,"event_name":"Cursed Tome","floor":20,"gold_loss":0},{"damage_healed":0,"gold_gain":0,"player_choice":"Fought Bandits","damage_taken":0,"max_hp_gain":0,"max_hp_loss":0,"event_name":"Masked Bandits","floor":21,"gold_loss":0}],"is_beta":false,"boss_relics":[{"not_picked":["HoveringKite","Empty Cage"],"picked":"Astrolabe"}],"items_purged_floors":[11],"is_endless":false,"potions_floor_spawned":[3,12,13,14,18],"killed_by":"Book of Stabbing","ascension_level":20,"potion_discard_per_floor":[[],[],[],[],[],[],[],[],[],[],[],[],["Poison Potion"],[],[],[],[],[],[],[],[],[],[]]}