{"neow_bonuses_skipped_log":["UPGRADE_CARD","THREE_ENEMY_KILL","BOSS_RELIC"],"neow_costs_skipped_log":["NONE","NONE","NONE"],"potions_obtained_entropic_brew":[[],[],[],[],[],[],[],[],[],[],[],[],[],[],[],[],[],[],[],[],[],[],[],[],[],[],[],[],[],[],[],[],[]],"gold_per_floor":[369,68,85,85,97,97,129,129,129,129,154,166,177,201,201,278,278,293,130,130,149,14,14,64,82,82,92,92,120,120,133,133,133],"floor_reached":33,"playtime":3549,"items_purged":["Injury"],"score":650,"play_id":"8f2cb66e-05e3-4f77-9650-a6ea2f04cb59","local_time":"20221214192459","score_breakdown":["Floors Climbed (33): 165","Enemies Slain (10): 20","Exordium Elites Killed (2): 20","City Elites Killed (1): 20","Bosses Slain (1): 50","Champion (2): 50","Ascension (20): 325"],"is_ascension_mode":true,"potions_obtained_alchemize":[[],[],[],[],[],[],[],[],[],[],[],[],[],[],[],[],[],[],[],[],[],[],[],[],[],[],[],[],[],[],[],[],["Poison Potion"]],"campfire_choices":[{"data":"Blade Dance","floor":6,"key":"SMITH"},{"data":"Eviscerate","floor":10,"key":"SMITH"},{"data":"Prepared","floor":15,"key":"SMITH"},{"data":"Calculated Gamble","floor":23,"key":"SMITH"},{"data":"Concentrate","floor":28,"key":"SMITH"},{"data":"Ghostly","floor":30,"key":"SMITH"},{"data":"Ghostly","floor":32,"key":"SMITH"}],"lesson_learned_per_floor":[[],[],[],[],[],[],[],[],[],[],[],[],[],[],[],[],[],[],[],[],[],[],[],[],[],[],[],[],[],[],[],[],[]],"neow_cost":"CURSE","improvable_cards":{},"seed_source_timestamp":35945961801941,"shop_contents":[{"floor":2,"relics":["Gremlin Horn","Strawberry","Medical Kit"],"cards":["Choke","Cloak And Dagger","Caltrops","Bandage Up","HandOfGreed"],"potions":["BlessingOfTheForge","BlessingOfTheForge"]},{"floor":19,"relics":["Thread and Needle","Girya"],"cards":["Flying Knee","Heel Hook","Distraction","Prepared","Footwork","Blind","Mayhem"],"potions":["Weak Potion","Energy Potion","Block Potion"]},{"floor":22,"relics":["Blood Vial","Incense Burner","TheAbacus"],"cards":["Underhanded Strike","Bullet Time","Outmaneuver","Accuracy","Flash of Steel","Violence"],"potions":["SkillPotion","SkillPotion"]}],"circlet_count":0,"master_deck":["AscendersBane","Strike_G","Strike_G","Strike_G","Strike_G","Strike_G","Defend_G","Defend_G","Defend_G","Defend_G","Survivor","Neutralize","Dagger Throw","Eviscerate+1","Tactician","Blade Dance+1","Bane","Endless Agony","Prepared+1","Leg Sweep","Doppelganger","Backflip","PiercingWail+1","Concentrate+1","Ghostly+1","Ghostly","Ghostly+1","Calculated Gamble+1","Grand Finale","Backflip","Venomology+1"],"potion_use_per_floor":[[],[],[],[],[],[],["SteroidPotion"],[],[],[],["PowerPotion","SteroidPotion"],[],[],[],[],["FairyPotion"],[],[],[],[],[],[],[],[],["LiquidMemories"],[],[],[],["SteroidPotion","PowerPotion"],[],[],[],["Poison Potion"]],"relics":["Ring of the Snake","Sundial","Matryoshka","Happy Flower","Odd Mushroom","Runic Pyramid","Orrery","Potion Belt","Orichalcum","Toxic Egg 2"],"potions_floor_usage":[7,11,11,25,29,29,33],"damage_taken":[{"damage":0,"enemies":"Small Slimes","floor":1,"turns":4},{"damage":24,"enemies":"Jaw Worm","floor":3,"turns":7},{"damage":1,"enemies":"Cultist","floor":5,"turns":3},{"damage":0,"enemies":"Gremlin Nob","floor":7,"turns":2},{"damage":12,"enemies":"Lagavulin","floor":11,"turns":6},{"damage":10,"enemies":"Large Slime","floor":12,"turns":5},{"damage":0,"enemies":"Exordium Wildlife","floor":13,"turns":3},{"damage":7,"enemies":"The Mushroom Lair","floor":14,"turns":5},{"damage":27,"enemies":"The Guardian","floor":16,"turns":16},{"damage":0,"enemies":"Chosen","floor":18,"turns":6},{"damage":0,"enemies":"Shell Parasite","floor":21,"turns":6},{"damage":10,"enemies":"Chosen and Byrds","floor":25,"turns":11},{"damage":19,"enemies":"Shelled Parasite and Fungi","floor":27,"turns":5},{"damage":0,"enemies":"Slavers","floor":29,"turns":4},{"damage":0,"enemies":"Centurion and Healer","floor":31,"turns":7},{"damage":10,"enemies":"Champ","floor":33,"turns":12}],"seed_played":"3352768549386548268","neow_bonus_log":{"cardsObtained":["Injury"],"cardsUpgraded":[],"cardsRemoved":[],"cardsTransformed":[],"relicsObtained":[],"maxHpGained":0,"goldGained":250,"damageTaken":0,"goldLost":0,"maxHpLost":0},"potions_obtained":[{"floor":3,"key":"SteroidPotion"},{"floor":8,"key":"PowerPotion"},{"floor":8,"key":"PowerPotion"},{"floor":11,"key":"LiquidMemories"},{"floor":13,"key":"FairyPotion"},{"floor":27,"key":"SteroidPotion"},{"floor":29,"key":"SteroidPotion"}],"is_trial":false,"path_per_floor":["M","$","M","?","M","R","E","?","T","R","E","M","M","?","R","B",null,"M","$","?","M","$","R","?","M","T","M","R","E","R","M","R","B"],"character_chosen":"THE_SILENT","items_purchased":["Eviscerate","Tactician","SteroidPotion","Orrery","Grand Finale","PowerPotion"],"campfire_rested":0,"item_purchase_floors":[2,2,2,19,22,22],"current_hp_per_floor":[59,59,35,35,34,34,34,34,34,34,22,12,12,5,5,2,50,50,50,33,33,33,33,33,23,23,4,4,4,4,4,4,0],"gold":133,"neow_bonus":"TWO_FIFTY_GOLD","is_prod":false,"is_daily":false,"rewards_skipped":[{"floor":14,"relics":[],"potions":["GamblersBrew"]}],"chose_seed":false,"campfire_upgraded":7,"win_rate":0,"floor_exit_playtime":[94,116,198,233,275,289,332,364,367,432,717,834,918,1419,1425,1701,1766,1853,1960,1962,2099,2131,2139,2146,2506,2510,2640,2718,3072,3079,3190,3219],"timestamp":1671063899,"path_taken":["M","$","M","?","M","R","E","?","T","R","E","?","M","?","R","BOSS","M","$","?","M","$","R","?","?","T","M","R","E","R","M","R","BOSS"],"build_version":"2022-12-01","purchased_purges":1,"victory":false,"max_hp_per_floor":[66,66,66,66,66,66,66,66,66,66,66,66,66,66,66,66,66,66,66,33,33,33,33,33,33,33,33,33,33,33,33,33,33],"relic_stats":{"Matryoshka":1,"Happy Flower":[26],"counters":[16,102],"Sundial":[10],"Orichalcum":[66],"obtain_stats":[{"Potion Belt":26,"Matryoshka":9,"Happy Flower":11,"Sundial":7,"Orrery":19,"Odd Mushroom":14,"Orichalcum":26,"Toxic Egg 2":29,"Ring of the Snake":0,"Runic Pyramid":17},{"Potion Belt":12,"Matryoshka":4,"Happy Flower":5,"Sundial":4,"Orrery":10,"Odd Mushroom":8,"Orichalcum":12,"Toxic Egg 2":14,"Ring of the Snake":0,"Runic Pyramid":9},{"Potion Belt":74,"Matryoshka":16,"Happy Flower":22,"Sundial":16,"Orrery":57,"Odd Mushroom":35,"Orichalcum":74,"Toxic Egg 2":83,"Ring of the Snake":0,"Runic Pyramid":51}],"Ring of the Snake":[34]},"card_choices":[{"not_picked":["Acrobatics","Underhanded Strike"],"picked":"Dagger Throw","floor":1},{"not_picked":["Slice","Flying Knee"],"picked":"Blade Dance","floor":3},{"not_picked":["Bane","Flying Knee"],"picked":"Endless Agony","floor":5},{"not_picked":["Choke","Flechettes","Dodge and Roll"],"picked":"SKIP","floor":7},{"not_picked":["Choke","Flechettes","Dodge and Roll"],"picked":"SKIP","floor":7},{"not_picked":["Escape Plan","Footwork"],"picked":"Prepared","floor":11},{"not_picked":["Infinite Blades","Distraction"],"picked":"Leg Sweep","floor":12},{"not_picked":["Dodge and Roll","Underhanded Strike","Crippling Poison"],"picked":"SKIP","floor":13},{"not_picked":["Dodge and Roll","Night Terror","Dagger Spray"],"picked":"SKIP","floor":14},{"not_picked":["Night Terror","Glass Knife"],"picked":"Doppelganger","floor":16},{"not_picked":["Quick Slash","Sucker Punch"],"picked":"Backflip","floor":18},{"not_picked":["Eviscerate","Footwork+1"],"picked":"PiercingWail+1","floor":19},{"not_picked":["Prepared","Slice"],"picked":"Concentrate","floor":19},{"not_picked":["Cloak And Dagger","Sucker Punch","Slice"],"picked":"SKIP","floor":19},{"not_picked":["Sucker Punch","Outmaneuver","Noxious Fumes"],"picked":"SKIP","floor":19},{"not_picked":["Heel Hook","Catalyst","Underhanded Strike"],"picked":"SKIP","floor":19},{"not_picked":["Bane","Escape Plan"],"picked":"Calculated Gamble","floor":21},{"not_picked":["Dagger Spray","Prepared","Quick Slash"],"picked":"SKIP","floor":25},{"not_picked":["Prepared","Noxious Fumes"],"picked":"Backflip","floor":27},{"not_picked":["Cloak And Dagger+1","Bane+1","Caltrops"],"picked":"SKIP","floor":29},{"not_picked":["Cloak And Dagger+1","Bane+1","Caltrops"],"picked":"SKIP","floor":29},{"not_picked":["Prepared+1","Outmaneuver+1"],"picked":"Venomology+1","floor":31}],"player_experience":4719552,"relics_obtained":[{"floor":7,"key":"Sundial"},{"floor":9,"key":"Matryoshka"},{"floor":11,"key":"Happy Flower"},{"floor":14,"key":"Odd Mushroom"},{"floor":26,"key":"Potion Belt"},{"floor":26,"key":"Orichalcum"},{"floor":29,"key":"Toxic Egg 2"}],"event_choices":[{"damage_healed":0,"gold_gain":0,"cards_transformed":["Defend_G"],"player_choice":"Change","damage_taken":0,"max_hp_gain":0,"max_hp_loss":0,"event_name":"Living Wall","floor":4,"gold_loss":0,"cards_obtained":["Bane"]},{"damage_healed":0,"gold_gain":0,"player_choice":"Got Potions","damage_taken":0,"max_hp_gain":0,"max_hp_loss":0,"event_name":"Lab","floor":8,"gold_loss":0},{"damage_healed":0,"gold_gain":0,"player_choice":"Fought Mushrooms","damage_taken":0,"max_hp_gain":0,"max_hp_loss":0,"event_name":"Mushrooms","floor":14,"gold_loss":0},{"damage_healed":0,"gold_gain":0,"player_choice":"Became a Ghost","damage_taken":0,"max_hp_gain":0,"max_hp_loss":33,"event_name":"Ghosts","floor":20,"gold_loss":0,"cards_obtained":["Ghostly","Ghostly","Ghostly"]},{"damage_healed":0,"gold_gain":50,"player_choice":"Pray","damage_taken":0,"max_hp_gain":0,"max_hp_loss":0,"event_name":"Golden Shrine","floor":24,"gold_loss":0}],"is_beta":false,"boss_relics":[{"not_picked":["WristBlade","HoveringKite"],"picked":"Runic Pyramid"}],"items_purged_floors":[2],"is_endless":false,"potions_floor_spawned":[3,11,13,14,27,29],"killed_by":"Champ","ascension_level":20,"potion_discard_per_floor":[[],[],[],[],[],[],[],["PowerPotion"],[],[],[],[],[],[],[],[],[],[],[],[],[],[],[],[],[],[],[],[],[],[],[],[],[]]}