{"neow_bonuses_skipped_log":["ONE_RANDOM_RARE_CARD","THREE_RARE_CARDS","BOSS_RELIC"],"neow_costs_skipped_log":["NONE","CURSE","NONE"],"potions_obtained_entropic_brew":[[],[],[],[],[],[],[],[],[],[],[],[],[],[],[],[],[],[],[],[],[],[],[],[],[],[],[],[],[],[],[],[],[],[],[],[],[],[],[],[],[],[],[],[],[],[],[],[],[],[],[],[],[],[],[],[],[]],"gold_per_floor":[115,126,139,139,154,154,172,200,269,604,604,619,122,146,146,241,241,257,182,97,97,115,159,172,205,205,224,240,240,77,120,120,214,214,232,248,269,169,182,217,241,279,303,145,178,178,178,214,214,214,214,214,214,49,82,82],"floor_reached":57,"playtime":5559,"items_purged":["Pain","Strike_G"],"score":3213,"play_id":"75978aa0-0b9a-4741-944f-2cfb83332354","local_time":"20221224234240","score_breakdown":["Floors Climbed (57): 285","Enemies Slain (17): 34","Exordium Elites Killed (2): 20","City Elites Killed (3): 60","Beyond Elites Killed (4): 120","Bosses Slain (5): 750","I Like Shiny: 50","Money Money (1246): 25","Librarian: 25","Well Fed: 25","Champion (6): 150","Ascension (20): 1419","Heartbreaker: 250"],"is_ascension_mode":true,"potions_obtained_alchemize":[[],[],[],[],[],[],[],[],[],[],[],[],[],[],[],[],[],[],[],[],[],[],[],[],[],[],[],[],[],[],[],[],[],[],[],[],[],[],[],[],[],[],[],[],[],[],[],[],[],[],[],[],[],[],[],[],[]],"campfire_choices":[{"data":"Dagger Spray","floor":6,"key":"SMITH"},{"data":"Tools of the Trade","floor":15,"key":"SMITH"},{"data":"Wraith Form v2","floor":29,"key":"SMITH"},{"data":"Well Laid Plans","floor":32,"key":"SMITH"},{"floor":49,"key":"RECALL"},{"floor":53,"key":"REST"}],"lesson_learned_per_floor":[[],[],[],[],[],[],[],[],[],[],[],[],[],[],[],[],[],[],[],[],[],[],[],[],[],[],[],[],[],[],[],[],[],[],[],[],[],[],[],[],[],[],[],[],[],[],[],[],[],[],[],[],[],[],[],[],[]],"neow_cost":"NONE","improvable_cards":{},"seed_source_timestamp":32471023125920,"shop_contents":[{"floor":13,"relics":["Regal Pillow"],"cards":["Skewer","Dagger Spray","Prepared","Purity","Sadistic Nature"],"potions":["Explosive Potion","LiquidMemories","SmokeBomb"]},{"floor":30,"relics":["Bronze Scales","Snake Skull","Orrery"],"cards":["Predator","Quick Slash","Tools of the Trade","Blind","HandOfGreed"],"potions":["Regen Potion","CunningPotion","Poison Potion"]},{"floor":38,"relics":["Akabeko","StoneCalendar","TwistedFunnel"],"cards":["Predator","Quick Slash","Backflip","Terror","Accuracy","Finesse","Master of Strategy"],"potions":["LiquidMemories","SpeedPotion","FairyPotion"]},{"floor":44,"relics":["Dead Branch","PrismaticShard"],"cards":["Quick Slash","Backstab","Deadly Poison","Cloak And Dagger","Accuracy","Trip","Metamorphosis"],"potions":["AttackPotion","Swift Potion","Block Potion"]},{"floor":54,"relics":["White Beast Statue","Incense Burner"],"cards":["Dagger Spray","Underhanded Strike","Cloak And Dagger","Prepared","Accuracy","Blind","Secret Technique"],"potions":["Ancient Potion","Regen Potion","Dexterity Potion"]}],"circlet_count":0,"master_deck":["AscendersBane","Strike_G","Strike_G","Strike_G","Defend_G","Defend_G","Defend_G","Defend_G","Defend_G","Survivor","Neutralize","Backstab","Blade Dance","Dagger Spray+1","Malaise","Blade Dance","Terror","Tools of the Trade+1","Well Laid Plans+1","Acrobatics","Backflip","Wraith Form v2+1","Backflip","Finisher","PiercingWail","Accuracy","Backflip","Adrenaline","Calculated Gamble","Tactician+1","Doppelganger","Prepared+1","Burst","Calculated Gamble","Calculated Gamble+1","Night Terror","Blur","Well Laid Plans+1","Outmaneuver","Footwork"],"potion_use_per_floor":[[],[],[],[],[],[],[],["Block Potion"],[],[],[],[],[],[],[],[],[],[],[],[],[],[],["DistilledChaos"],[],[],[],[],[],[],[],[],[],["Strength Potion"],[],[],[],[],[],[],[],[],[],[],[],[],[],[],[],[],[],[],[],[],[],[],["SpeedPotion","SteroidPotion"],[]],"relics":["Ring of the Snake","Vajra","WarpedTongs","Turnip","Ninja Scroll","Old Coin","Golden Idol","Centennial Puzzle","OrangePellets","Black Star","MealTicket","StrikeDummy","Orichalcum","Bottled Lightning","PreservedInsect","Question Card","Sundial","Letter Opener","Bag of Preparation","Fusion Hammer","Singing Bowl","Happy Flower","Juzu Bracelet","Meat on the Bone","Oddly Smooth Stone","HornCleat","Blue Candle","Pen Nib","Eternal Feather","Pear","Chemical X","Blood Vial","Mango"],"potions_floor_usage":[8,23,33,56,56],"damage_taken":[{"damage":0,"enemies":"2 Louse","floor":1,"turns":3},{"damage":0,"enemies":"Cultist","floor":2,"turns":3},{"damage":0,"enemies":"Jaw Worm","floor":3,"turns":3},{"damage":4,"enemies":"2 Fungi Beasts","floor":5,"turns":3},{"damage":4,"enemies":"Looter","floor":7,"turns":2},{"damage":3,"enemies":"Gremlin Nob","floor":8,"turns":3},{"damage":17,"enemies":"3 Sentries","floor":10,"turns":4},{"damage":2,"enemies":"Blue Slaver","floor":12,"turns":2},{"damage":0,"enemies":"Lots of Slimes","floor":14,"turns":2},{"damage":12,"enemies":"Hexaghost","floor":16,"turns":10},{"damage":4,"enemies":"Chosen","floor":18,"turns":5},{"damage":1,"enemies":"Spheric Guardian","floor":22,"turns":3},{"damage":20,"enemies":"Slavers","floor":23,"turns":6},{"damage":8,"enemies":"Shelled Parasite and Fungi","floor":24,"turns":4},{"damage":0,"enemies":"Gremlin Leader","floor":25,"turns":4},{"damage":3,"enemies":"Snake Plant","floor":27,"turns":3},{"damage":2,"enemies":"3 Cultists","floor":28,"turns":5},{"damage":2,"enemies":"Slavers","floor":31,"turns":5},{"damage":8,"enemies":"Champ","floor":33,"turns":6},{"damage":0,"enemies":"3 Shapes","floor":35,"turns":5},{"damage":0,"enemies":"Orb Walker","floor":36,"turns":2},{"damage":0,"enemies":"Maw","floor":37,"turns":8},{"damage":0,"enemies":"Sphere and 2 Shapes","floor":39,"turns":8},{"damage":0,"enemies":"Giant Head","floor":40,"turns":1},{"damage":0,"enemies":"Spire Growth","floor":41,"turns":3},{"damage":0,"enemies":"Reptomancer","floor":42,"turns":2},{"damage":0,"enemies":"Nemesis","floor":45,"turns":3},{"damage":0,"enemies":"Reptomancer","floor":48,"turns":6},{"damage":29,"enemies":"Time Eater","floor":50,"turns":18},{"damage":35,"enemies":"Donu and Deca","floor":51,"turns":15},{"damage":35,"enemies":"Shield and Spear","floor":55,"turns":9},{"damage":11,"enemies":"The Heart","floor":56,"turns":10}],"green_key_taken_log":23,"seed_played":"9004690219677241255","neow_bonus_log":{"cardsObtained":[],"cardsUpgraded":[],"cardsRemoved":[],"cardsTransformed":[],"relicsObtained":["Vajra"],"maxHpGained":0,"goldGained":0,"damageTaken":0,"goldLost":0,"maxHpLost":0},"potions_obtained":[{"floor":1,"key":"Block Potion"},{"floor":2,"key":"PowerPotion"},{"floor":10,"key":"DistilledChaos"},{"floor":14,"key":"SteroidPotion"},{"floor":24,"key":"Strength Potion"},{"floor":37,"key":"PowerPotion"},{"floor":41,"key":"SpeedPotion"}],"is_trial":false,"path_per_floor":["M","M","M","?","M","R","M","E","T","E","?","M","$","M","R","B",null,"M","?","?","T","M","E","M","E","T","M","M","R","$","E","R","B",null,"M","M","M","$","M","E","M","E","T","$","E","T","?","E","R","B","B",null,"R","$","E","B",null],"character_chosen":"THE_SILENT","items_purchased":["Centennial Puzzle","Well Laid Plans","OrangePellets","Acrobatics","Adrenaline","Calculated Gamble","Oddly Smooth Stone","Chemical X"],"campfire_rested":1,"item_purchase_floors":[13,13,13,13,30,30,44,54],"current_hp_per_floor":[59,59,59,59,55,55,51,48,48,31,31,29,29,29,29,17,49,45,45,45,45,44,24,16,16,16,13,11,11,26,24,24,16,49,49,49,49,60,60,60,60,60,60,60,60,60,57,67,70,41,18,57,70,70,63,54],"gold":82,"neow_bonus":"RANDOM_COMMON_RELIC","is_prod":false,"is_daily":false,"rewards_skipped":[{"floor":28,"relics":[],"potions":["AttackPotion"]},{"floor":31,"relics":[],"potions":["Energy Potion"]},{"floor":45,"relics":[],"potions":["Ancient Potion"]},{"floor":55,"relics":[],"potions":["Weak Potion"]}],"chose_seed":false,"campfire_upgraded":4,"win_rate":0,"floor_exit_playtime":[75,92,114,137,184,202,221,252,263,341,347,378,412,497,514,678,749,917,927,938,941,1001,1370,1437,1586,1632,1747,1915,1921,1985,2120,2139,2367,2419,2515,2579,2733,2797,2987,3038,3148,3214,3225,3249,3372,3375,3379,3575,3578,4271,4734,4746,4749,4780,5182,5559],"timestamp":1671943360,"blue_key_relic_skipped_log":{"floor":43,"relicID":"CeramicFish"},"path_taken":["M","M","M","?","?","R","?","E","T","E","?","M","$","M","R","BOSS","M","?","?","?","M","E","M","E","T","M","M","R","$","E","R","BOSS","M","M","?","$","M","E","M","E","T","?","E","?","?","E","R","BOSS","BOSS","R","$","E","BOSS"],"build_version":"2022-12-18","purchased_purges":2,"victory":true,"max_hp_per_floor":[66,66,66,66,66,66,66,66,66,66,60,60,60,60,60,60,60,60,60,60,60,60,60,60,60,60,60,60,60,60,60,60,60,60,60,60,60,60,60,60,60,60,60,60,60,60,60,70,70,70,70,70,70,70,86,86],"relic_stats":{"Singing Bowl":2,"Bag of Preparation":[0],"Juzu Bracelet":1,"Blood Vial":2,"Centennial Puzzle":[39],"Sundial":[18],"MealTicket":26,"Chemical X":[5],"Ring of the Snake":[64],"Happy Flower":[22],"counters":[32,166],"Golden Idol":200,"Blue Candle":[0],"Eternal Feather":16,"PreservedInsect":419,"Pen Nib":[15],"Letter Opener":[414],"Orichalcum":[186],"Question Card":14,"WarpedTongs":[157],"OrangePellets":[31],"Turnip":[29],"Black Star":8,"Bottled Lightning":"Terror","obtain_stats":[{"Singing Bowl":40,"Vajra":0,"Mango":55,"Bag of Preparation":31,"Juzu Bracelet":42,"Old Coin":10,"Blood Vial":55,"Centennial Puzzle":13,"HornCleat":45,"Ninja Scroll":9,"Sundial":26,"MealTicket":20,"Fusion Hammer":34,"Chemical X":54,"Ring of the Snake":0,"Pear":48,"Happy Flower":40,"Golden Idol":11,"Blue Candle":45,"Oddly Smooth Stone":44,"Eternal Feather":48,"PreservedInsect":25,"Pen Nib":46,"Letter Opener":31,"Orichalcum":23,"Question Card":25,"WarpedTongs":4,"OrangePellets":13,"Turnip":8,"Black Star":17,"Bottled Lightning":23,"StrikeDummy":21,"Meat on the Bone":42},{"Singing Bowl":24,"Vajra":0,"Mango":31,"Bag of Preparation":18,"Juzu Bracelet":26,"Old Coin":7,"Blood Vial":31,"Centennial Puzzle":8,"HornCleat":27,"Ninja Scroll":6,"Sundial":15,"MealTicket":11,"Fusion Hammer":19,"Chemical X":30,"Ring of the Snake":0,"Pear":28,"Happy Flower":24,"Golden Idol":7,"Blue Candle":27,"Oddly Smooth Stone":26,"Eternal Feather":28,"PreservedInsect":15,"Pen Nib":27,"Letter Opener":18,"Orichalcum":13,"Question Card":15,"WarpedTongs":3,"OrangePellets":8,"Turnip":6,"Black Star":10,"Bottled Lightning":13,"StrikeDummy":11,"Meat on the Bone":26},{"Singing Bowl":100,"Vajra":0,"Mango":156,"Bag of Preparation":70,"Juzu Bracelet":105,"Old Coin":21,"Blood Vial":156,"Centennial Puzzle":23,"HornCleat":108,"Ninja Scroll":17,"Sundial":57,"MealTicket":40,"Fusion Hammer":76,"Chemical X":147,"Ring of the Snake":0,"Pear":114,"Happy Flower":100,"Golden Idol":21,"Blue Candle":108,"Oddly Smooth Stone":105,"Eternal Feather":114,"PreservedInsect":57,"Pen Nib":108,"Letter Opener":70,"Orichalcum":49,"Question Card":57,"WarpedTongs":9,"OrangePellets":23,"Turnip":17,"Black Star":35,"Bottled Lightning":49,"StrikeDummy":40,"Meat on the Bone":105}],"Meat on the Bone":24},"card_choices":[{"not_picked":["Outmaneuver","Finisher"],"picked":"Backstab","floor":1},{"not_picked":["Outmaneuver","Cloak And Dagger"],"picked":"Blade Dance","floor":2},{"not_picked":["Bane","Backflip"],"picked":"Dagger Spray","floor":3},{"not_picked":["Dagger Spray","Deflect"],"picked":"Malaise","floor":5},{"not_picked":["Dagger Throw","Prepared"],"picked":"Blade Dance","floor":7},{"not_picked":["Deadly Poison","Prepared"],"picked":"Terror","floor":8},{"not_picked":["Flying Knee","Setup"],"picked":"Tools of the Trade","floor":10},{"not_picked":["Dodge and Roll","Sucker Punch","Dagger Spray"],"picked":"SKIP","floor":12},{"not_picked":["Deadly Poison","Endless Agony"],"picked":"Backflip","floor":14},{"not_picked":["Glass Knife","Doppelganger"],"picked":"Wraith Form v2","floor":16},{"not_picked":["Endless Agony","Blade Dance"],"picked":"Backflip","floor":18},{"not_picked":["Setup","Dagger Spray","Noxious Fumes"],"picked":"SKIP","floor":22},{"not_picked":["Flying Knee","Masterful Stab"],"picked":"Finisher","floor":23},{"not_picked":["Deflect","Underhanded Strike"],"picked":"PiercingWail","floor":24},{"not_picked":["Deflect","Endless Agony"],"picked":"Accuracy","floor":25},{"not_picked":["Sucker Punch","Slice","Skewer","Poisoned Stab"],"picked":"SKIP","floor":27},{"not_picked":["Sucker Punch","Slice","Skewer","Poisoned Stab"],"picked":"SKIP","floor":27},{"not_picked":["Poisoned Stab","Deadly Poison","All Out Attack"],"picked":"Backflip","floor":28},{"not_picked":["Deadly Poison","Glass Knife","Caltrops+1"],"picked":"Tactician+1","floor":31},{"not_picked":["Storm of Steel","Grand Finale","Tools of the Trade"],"picked":"Doppelganger","floor":33},{"not_picked":["Flying Knee+1","Caltrops","Accuracy"],"picked":"Prepared+1","floor":35},{"not_picked":["Bouncing Flask+1","Sucker Punch+1","Blade Dance+1"],"picked":"Burst","floor":36},{"not_picked":["Quick Slash","Dagger Spray+1","Concentrate"],"picked":"Calculated Gamble","floor":37},{"not_picked":["Poisoned Stab+1","Choke","Concentrate"],"picked":"Calculated Gamble+1","floor":39},{"not_picked":["Backflip","Setup+1","Cloak And Dagger"],"picked":"Night Terror","floor":40},{"not_picked":["Dagger Spray","Dodge and Roll","Slice"],"picked":"Blur","floor":41},{"not_picked":["Prepared","Caltrops","Blur"],"picked":"Well Laid Plans+1","floor":42},{"not_picked":["Catalyst","Cloak And Dagger","Dagger Throw+1"],"picked":"Outmaneuver","floor":45},{"not_picked":["Dagger Spray","Finisher","Grand Finale"],"picked":"Footwork","floor":48},{"not_picked":["Outmaneuver","Slice","Quick Slash","Skewer"],"picked":"Singing Bowl","floor":55}],"player_experience":4835743,"relics_obtained":[{"floor":8,"key":"Turnip"},{"floor":9,"key":"Ninja Scroll"},{"floor":10,"key":"Old Coin"},{"floor":21,"key":"StrikeDummy"},{"floor":23,"key":"Orichalcum"},{"floor":23,"key":"Bottled Lightning"},{"floor":25,"key":"PreservedInsect"},{"floor":25,"key":"Question Card"},{"floor":26,"key":"Sundial"},{"floor":31,"key":"Letter Opener"},{"floor":31,"key":"Bag of Preparation"},{"floor":40,"key":"Singing Bowl"},{"floor":40,"key":"Happy Flower"},{"floor":42,"key":"Juzu Bracelet"},{"floor":42,"key":"Meat on the Bone"},{"floor":45,"key":"HornCleat"},{"floor":45,"key":"Blue Candle"},{"floor":46,"key":"Pen Nib"},{"floor":48,"key":"Eternal Feather"},{"floor":48,"key":"Pear"},{"floor":55,"key":"Blood Vial"},{"floor":55,"key":"Mango"}],"event_choices":[{"damage_healed":0,"gold_gain":0,"player_choice":"Rummage","damage_taken":0,"relics_obtained":["WarpedTongs"],"max_hp_gain":0,"max_hp_loss":0,"event_name":"Accursed Blacksmith","floor":4,"gold_loss":0,"cards_obtained":["Pain"]},{"damage_healed":0,"gold_gain":0,"player_choice":"Lose Max HP","damage_taken":0,"relics_obtained":["Golden Idol"],"max_hp_gain":0,"max_hp_loss":6,"event_name":"Golden Idol","floor":11,"gold_loss":0},{"cards_removed":["Strike_G"],"damage_healed":0,"gold_gain":0,"player_choice":"Gave Gold","damage_taken":0,"max_hp_gain":0,"max_hp_loss":0,"event_name":"Beggar","floor":19,"gold_loss":75},{"damage_healed":0,"gold_gain":0,"player_choice":"Obtained Relic","damage_taken":0,"relics_obtained":["MealTicket"],"max_hp_gain":0,"max_hp_loss":0,"event_name":"Addict","floor":20,"gold_loss":85},{"damage_healed":0,"gold_gain":0,"player_choice":"Bought 0 Potions","damage_taken":0,"max_hp_gain":0,"max_hp_loss":0,"event_name":"The Woman in Blue","floor":47,"gold_loss":0}],"is_beta":false,"boss_relics":[{"not_picked":["SacredBark","Calling Bell"],"picked":"Black Star"},{"not_picked":["Sozu","Ring of the Serpent"],"picked":"Fusion Hammer"}],"items_purged_floors":[13,38],"is_endless":false,"potions_floor_spawned":[1,2,10,14,24,28,31,37,41,45,55],"ascension_level":20,"potion_discard_per_floor":[[],[],[],[],[],[],[],[],[],[],[],[],[],["PowerPotion"],[],[],[],[],[],[],[],[],[],[],[],[],[],[],[],[],[],[],[],[],[],[],[],[],[],[],["PowerPotion"],[],[],[],[],[],[],[],[],[],[],[],[],[],[],[],[]]}