{"neow_bonuses_skipped_log":["REMOVE_CARD","THREE_SMALL_POTIONS","BOSS_RELIC"],"potions_obtained_entropic_brew":[[],[],[],[],[],[],[],[],[],[],[],[],[],[],[],[]],"neow_costs_skipped_log":["NONE","NONE","NONE"],"gold_per_floor":[117,117,12,31,43,43,70,80,80,29,46,56,56,82,82,82],"floor_reached":16,"playtime":894,"items_purged":["Regret"],"score":224,"play_id":"6f4ba795-cc29-4ed7-b6c7-3bf1960edec3","local_time":"20221217175220","score_breakdown":["Floors Climbed (16): 80","Enemies Slain (6): 12","Exordium Elites Killed (2): 20","Bosses Slain (0): 0","Ascension (20): 112"],"is_ascension_mode":true,"potions_obtained_alchemize":[[],[],[],[],[],[],[],[],[],[],[],[],[],[],[],[]],"campfire_choices":[{"data":"Dagger Spray","floor":6,"key":"SMITH"},{"data":"1","floor":15,"key":"LIFT"}],"lesson_learned_per_floor":[[],[],[],[],[],[],[],[],[],[],[],[],[],[],[],[]],"neow_cost":"CURSE","improvable_cards":{},"seed_source_timestamp":13613152230712,"shop_contents":[{"floor":3,"relics":["Sundial","Bag of Marbles","Orrery"],"cards":["Dagger Throw","Choke","Venomology","Caltrops","Swift Strike","Panache"],"potions":["CultistPotion","CultistPotion","Dexterity Potion"]},{"floor":10,"relics":["PreservedInsect","Bottled Tornado","Strange Spoon"],"cards":["Slice","Dagger Throw","Doppelganger","Caltrops","Good Instincts","Thinking Ahead"],"potions":["Swift Potion","Ancient Potion","Poison Potion"]}],"circlet_count":0,"master_deck":["AscendersBane","Strike_G","Strike_G","Strike_G","Strike_G","Defend_G","Defend_G","Defend_G","Defend_G","Survivor","Neutralize","Accuracy","Adrenaline","Deadly Poison","Adrenaline","Blade Dance","Dagger Spray+1","Crippling Poison","Terror","Leg Sweep","Backflip","PiercingWail","Cloak And Dagger","Dagger Spray"],"potion_use_per_floor":[[],[],[],[],[],[],[],[],[],[],[],[],[],["DuplicationPotion"],[],[]],"relics":["Ring of the Snake","Gambling Chip","Turnip","Girya"],"potions_floor_usage":[14],"damage_taken":[{"damage":5,"enemies":"Jaw Worm","floor":1,"turns":6},{"damage":0,"enemies":"Cultist","floor":4,"turns":3},{"damage":7,"enemies":"Small Slimes","floor":5,"turns":3},{"damage":36,"enemies":"Gremlin Nob","floor":7,"turns":4},{"damage":0,"enemies":"Looter","floor":8,"turns":2},{"damage":0,"enemies":"Blue Slaver","floor":11,"turns":4},{"damage":0,"enemies":"Exordium Thugs","floor":12,"turns":5},{"damage":4,"enemies":"Lagavulin","floor":14,"turns":7},{"damage":9,"enemies":"Hexaghost","floor":16,"turns":4}],"seed_played":"2482896942571383415","neow_bonus_log":{"cardsObtained":["Regret","Accuracy","Adrenaline"],"cardsUpgraded":[],"cardsRemoved":[],"cardsTransformed":["Strike_G","Defend_G"],"relicsObtained":[],"maxHpGained":0,"goldGained":0,"damageTaken":0,"goldLost":0,"maxHpLost":0},"potions_obtained":[{"floor":7,"key":"PowerPotion"},{"floor":11,"key":"DuplicationPotion"},{"floor":12,"key":"DuplicationPotion"},{"floor":14,"key":"LiquidMemories"}],"is_trial":false,"path_per_floor":["M","?","$","M","M","R","E","M","T","$","M","M","?","E","R","B"],"character_chosen":"THE_SILENT","items_purchased":["Blade Dance","Backflip"],"campfire_rested":0,"item_purchase_floors":[3,10],"current_hp_per_floor":[54,54,54,54,47,47,11,11,11,11,11,11,11,7,7,0],"gold":82,"neow_bonus":"TRANSFORM_TWO_CARDS","is_prod":false,"is_daily":false,"rewards_skipped":[],"chose_seed":false,"campfire_upgraded":1,"win_rate":0,"floor_exit_playtime":[160,176,193,266,322,340,432,467,496,509,580,720,724,823,828],"timestamp":1671317540,"path_taken":["M","?","$","M","M","R","E","M","T","?","M","?","?","E","R","BOSS"],"build_version":"2022-12-01","purchased_purges":1,"victory":false,"max_hp_per_floor":[66,66,66,66,66,66,66,66,66,66,66,66,66,66,66,66],"relic_stats":{"Girya":1,"counters":[9,38],"Gambling Chip":[23],"Turnip":[0],"obtain_stats":[{"Girya":14,"Gambling Chip":7,"Turnip":9,"Ring of the Snake":0},{"Girya":8,"Gambling Chip":4,"Turnip":5,"Ring of the Snake":0},{"Girya":34,"Gambling Chip":16,"Turnip":18,"Ring of the Snake":0}],"Ring of the Snake":[18]},"card_choices":[{"not_picked":["Dodge and Roll","Flying Knee"],"picked":"Deadly Poison","floor":1},{"not_picked":["Choke","Setup"],"picked":"Dagger Spray","floor":4},{"not_picked":["Skewer","Deadly Poison"],"picked":"Crippling Poison","floor":5},{"not_picked":["Distraction","Blade Dance"],"picked":"Terror","floor":7},{"not_picked":["Escape Plan","Caltrops"],"picked":"Leg Sweep","floor":8},{"not_picked":["Escape Plan","Concentrate"],"picked":"PiercingWail","floor":11},{"not_picked":["Deadly Poison","Dodge and Roll"],"picked":"Cloak And Dagger","floor":12},{"not_picked":["Prepared","Flechettes"],"picked":"Dagger Spray","floor":14}],"player_experience":4760135,"relics_obtained":[{"floor":7,"key":"Gambling Chip"},{"floor":9,"key":"Turnip"},{"floor":14,"key":"Girya"}],"event_choices":[{"damage_healed":0,"gold_gain":0,"player_choice":"1 cards matched","damage_taken":0,"max_hp_gain":0,"max_hp_loss":0,"event_name":"Match and Keep!","floor":2,"gold_loss":0,"cards_obtained":["Adrenaline"]},{"damage_healed":0,"gold_gain":0,"player_choice":"Ignored","damage_taken":0,"max_hp_gain":0,"max_hp_loss":0,"event_name":"Shining Light","floor":13,"gold_loss":0}],"is_beta":false,"boss_relics":[],"items_purged_floors":[3],"is_endless":false,"potions_floor_spawned":[7,11,12,14],"killed_by":"Hexaghost","ascension_level":20,"potion_discard_per_floor":[[],[],[],[],[],[],[],[],[],[],[],["PowerPotion"],[],[],[],[]]}