{"neow_bonuses_skipped_log":["ONE_RANDOM_RARE_CARD","TRANSFORM_TWO_CARDS","BOSS_RELIC"],"neow_costs_skipped_log":["NONE","CURSE","NONE"],"potions_obtained_entropic_brew":[[],[],[],[],[],[],[],[],[],[],[],[],[],[],[],[],[],[],[],[],[],[],[],[],[],[],[],[],[],[],[],[],[],[],[],[],[],[],[],[],[],[],[],[],[],[],[],[],[],[],[],[],[],[],[],[],[]],"gold_per_floor":[111,111,123,136,12,43,53,53,53,87,106,106,31,58,58,132,132,145,195,214,228,228,259,259,288,368,382,412,412,165,194,194,268,268,280,280,22,1021,1045,1045,1045,614,638,638,655,655,671,697,697,697,697,697,697,282,307,307],"floor_reached":57,"playtime":5009,"items_purged":["Writhe","Strike_G","Normality","Normality"],"score":2898,"play_id":"260cdac3-68ef-4f49-af6a-dbaaae68c597","local_time":"20221218155205","score_breakdown":["Floors Climbed (57): 285","Enemies Slain (12): 24","Exordium Elites Killed (3): 30","City Elites Killed (4): 80","Beyond Elites Killed (1): 30","Bosses Slain (5): 750","Money Money (1758): 25","Mystery Machine (17): 25","Librarian: 25","Well Fed: 25","Champion (3): 75","Ascension (20): 1274","Heartbreaker: 250"],"is_ascension_mode":true,"potions_obtained_alchemize":[[],[],[],[],[],[],[],[],[],[],[],[],[],[],[],[],[],[],[],[],[],[],[],[],[],[],[],[],[],[],[],[],[],[],[],[],[],[],[],[],[],[],[],[],[],[],[],[],[],[],[],[],[],[],[],[],[]],"campfire_choices":[{"data":"Wraith Form v2","floor":12,"key":"SMITH"},{"data":"Accuracy","floor":15,"key":"SMITH"},{"floor":32,"key":"RECALL"},{"floor":41,"key":"REST"},{"floor":46,"key":"REST"},{"floor":49,"key":"REST"},{"floor":53,"key":"REST"}],"lesson_learned_per_floor":[[],[],[],[],[],[],[],[],[],[],[],[],[],[],[],[],[],[],[],[],[],[],[],[],[],[],[],[],[],[],[],[],[],[],[],[],[],[],[],[],[],[],[],[],[],[],[],[],[],[],[],[],[],[],[],[],[]],"neow_cost":"NONE","improvable_cards":{},"seed_source_timestamp":2473027501454,"shop_contents":[{"floor":13,"relics":["Ornamental Fan","Frozen Egg 2","HandDrill"],"cards":["Underhanded Strike","Sucker Punch","Blur","Deadly Poison","Finesse","Metamorphosis"],"potions":["Strength Potion","CultistPotion","Swift Potion"]},{"floor":30,"relics":["Juzu Bracelet","Eternal Feather"],"cards":["Bane","Choke","Cloak And Dagger","Noxious Fumes","Panacea","Panache"],"potions":["Dexterity Potion","EssenceOfSteel","BlessingOfTheForge"]},{"floor":37,"relics":["Matryoshka","Mango"],"cards":["Flying Knee","Finisher","Outmaneuver","Prepared","Footwork","Purity","Transmutation"],"potions":["Strength Potion","GamblersBrew"]},{"floor":42,"relics":["Regal Pillow"],"cards":["Glass Knife","Dash","Prepared","Noxious Fumes","Bandage Up"],"potions":["CunningPotion","CunningPotion","Energy Potion"]},{"floor":54,"relics":[],"cards":["Choke","Endless Agony","Setup","Infinite Blades","Purity","Chrysalis"],"potions":["Poison Potion","Explosive Potion"]}],"circlet_count":0,"master_deck":["AscendersBane","Strike_G","Strike_G","Strike_G","Strike_G","Defend_G","Defend_G","Defend_G","Defend_G","Survivor","Neutralize","Die Die Die","Eviscerate","Dash","Wraith Form v2+1","Blade Dance","Backstab","Leg Sweep","Accuracy+1","Well Laid Plans","Phantasmal Killer","Underhanded Strike+1","Calculated Gamble","Backflip","Terror+1","Acrobatics","Acrobatics+1","Blade Dance","Calculated Gamble","Tools of the Trade","Wraith Form v2","Apotheosis","Backflip","Wraith Form v2+1","Reflex","Backflip"],"potion_use_per_floor":[[],[],[],[],[],["DuplicationPotion"],[],[],[],["ColorlessPotion"],[],[],[],["SkillPotion"],[],["LiquidMemories"],[],[],[],[],[],[],["Strength Potion"],[],[],[],[],[],[],[],[],[],[],[],["Fruit Juice"],[],[],[],[],[],[],[],[],[],[],[],[],[],[],[],[],[],[],[],[],["DuplicationPotion"],[]],"relics":["Ring of the Serpent","Blue Candle","Ginger","Thread and Needle","Smiling Mask","Meat on the Bone","Fusion Hammer","Lantern","Pantograph","Tiny Chest","Question Card","Darkstone Periapt","Enchiridion","Lee\u0027s Waffle","Mummified Hand","Membership Card","Vajra","Incense Burner","TheAbacus","Nunchaku","OrangePellets","Mercury Hourglass","Boot","StoneCalendar"],"potions_floor_usage":[6,10,14,16,23,35,56],"damage_taken":[{"damage":0,"enemies":"2 Louse","floor":1,"turns":4},{"damage":1,"enemies":"Cultist","floor":3,"turns":4},{"damage":2,"enemies":"Small Slimes","floor":4,"turns":3},{"damage":33,"enemies":"Lagavulin","floor":6,"turns":7},{"damage":1,"enemies":"Exordium Thugs","floor":7,"turns":5},{"damage":15,"enemies":"Gremlin Nob","floor":10,"turns":4},{"damage":0,"enemies":"3 Louse","floor":11,"turns":3},{"damage":11,"enemies":"Lagavulin","floor":14,"turns":9},{"damage":23,"enemies":"Hexaghost","floor":16,"turns":17},{"damage":0,"enemies":"Spheric Guardian","floor":18,"turns":3},{"damage":0,"enemies":"Chosen","floor":20,"turns":4},{"damage":4,"enemies":"Centurion and Healer","floor":21,"turns":6},{"damage":10,"enemies":"Book of Stabbing","floor":23,"turns":6},{"damage":1,"enemies":"Gremlin Leader","floor":25,"turns":6},{"damage":0,"enemies":"Chosen and Byrds","floor":27,"turns":4},{"damage":1,"enemies":"Book of Stabbing","floor":28,"turns":4},{"damage":4,"enemies":"Slavers","floor":31,"turns":5},{"damage":10,"enemies":"Champ","floor":33,"turns":8},{"damage":0,"enemies":"3 Shapes","floor":35,"turns":3},{"damage":1,"enemies":"Orb Walker","floor":45,"turns":5},{"damage":1,"enemies":"Writhing Mass","floor":47,"turns":6},{"damage":3,"enemies":"Reptomancer","floor":48,"turns":6},{"damage":31,"enemies":"Time Eater","floor":50,"turns":17},{"damage":3,"enemies":"Awakened One","floor":51,"turns":12},{"damage":0,"enemies":"Shield and Spear","floor":55,"turns":6},{"damage":40,"enemies":"The Heart","floor":56,"turns":10}],"green_key_taken_log":10,"seed_played":"5031480011090253580","neow_bonus_log":{"cardsObtained":[],"cardsUpgraded":[],"cardsRemoved":[],"cardsTransformed":[],"relicsObtained":[],"maxHpGained":0,"goldGained":0,"damageTaken":0,"goldLost":0,"maxHpLost":0},"potions_obtained":[{"floor":0,"key":"DuplicationPotion"},{"floor":0,"key":"Block Potion"},{"floor":4,"key":"LiquidMemories"},{"floor":7,"key":"ColorlessPotion"},{"floor":10,"key":"SkillPotion"},{"floor":18,"key":"Fruit Juice"},{"floor":20,"key":"Strength Potion"},{"floor":28,"key":"Block Potion"},{"floor":35,"key":"AttackPotion"},{"floor":45,"key":"SteroidPotion"}],"is_trial":false,"path_per_floor":["M","?","M","M","?","E","M","?","T","E","M","R","$","E","R","B",null,"M","?","M","M","?","E","?","E","T","M","E","?","$","E","R","B",null,"M","?","$","?","T","?","R","$","T","?","M","R","M","E","R","B","B",null,"R","$","E","B",null],"character_chosen":"THE_SILENT","items_purchased":["Accuracy","Calculated Gamble","Lee\u0027s Waffle","Membership Card","DuplicationPotion","Apotheosis","Incense Burner","TheAbacus","Backflip","OrangePellets","Backflip","Mercury Hourglass","Boot","DistilledChaos"],"campfire_rested":4,"item_purchase_floors":[13,30,30,37,37,42,42,42,42,54,54,54,54,54],"current_hp_per_floor":[59,59,58,56,56,23,22,66,66,51,51,51,51,40,40,29,57,57,57,57,53,53,43,43,42,42,42,41,20,73,69,69,63,71,76,76,76,88,88,85,85,85,85,85,84,85,84,81,85,54,76,83,85,85,85,45],"gold":307,"neow_bonus":"THREE_SMALL_POTIONS","is_prod":false,"is_daily":false,"rewards_skipped":[{"floor":0,"relics":[],"potions":["SkillPotion"]},{"floor":1,"relics":[],"potions":["Swift Potion"]},{"floor":11,"relics":[],"potions":["Energy Potion"]}],"chose_seed":false,"campfire_upgraded":2,"win_rate":0,"floor_exit_playtime":[126,137,183,225,235,404,474,502,505,553,595,605,692,780,787,1173,1881,1948,1973,2023,2108,2136,2356,2381,2477,2500,2584,2663,2680,2720,2806,2815,3014,3095,3208,3210,3292,3356,3363,3369,3374,3447,3483,3489,3609,3613,3752,3861,3865,4273,4586,4602,4605,4654,4775,5009],"timestamp":1671396725,"blue_key_relic_skipped_log":{"floor":43,"relicID":"Anchor"},"path_taken":["M","?","M","M","?","E","?","?","T","E","?","R","?","E","R","BOSS","M","?","?","M","?","E","?","E","T","M","E","?","$","E","R","BOSS","M","?","$","?","?","?","R","$","T","?","?","R","M","E","R","BOSS","BOSS","R","$","E","BOSS"],"build_version":"2022-12-01","purchased_purges":4,"victory":true,"max_hp_per_floor":[66,66,66,66,66,66,66,66,66,66,66,66,66,66,66,66,66,66,66,66,66,66,66,66,66,66,66,66,66,73,73,73,73,73,78,78,78,90,90,85,85,85,85,85,85,85,85,85,85,85,85,85,85,85,85,85],"relic_stats":{"Darkstone Periapt":12,"Lee\u0027s Waffle":53,"counters":[26,167],"Blue Candle":[8],"StoneCalendar":[0],"Ginger":[18],"Smiling Mask":113,"Question Card":9,"Boot":[6],"Mercury Hourglass":[51],"OrangePellets":[7],"Nunchaku":[11],"TheAbacus":[126],"Mummified Hand":[64],"Pantograph":29,"Tiny Chest":1,"Membership Card":920,"obtain_stats":[{"Darkstone Periapt":28,"Lantern":22,"Enchiridion":29,"Vajra":39,"StoneCalendar":55,"Incense Burner":42,"Ginger":6,"Smiling Mask":10,"Boot":54,"Nunchaku":48,"TheAbacus":42,"Mummified Hand":31,"Pantograph":23,"Tiny Chest":25,"Fusion Hammer":17,"Ring of the Snake":0,"Lee\u0027s Waffle":30,"Blue Candle":5,"Thread and Needle":9,"Question Card":26,"Mercury Hourglass":54,"OrangePellets":54,"Membership Card":37,"Ring of the Serpent":34,"Meat on the Bone":14},{"Darkstone Periapt":16,"Lantern":12,"Enchiridion":16,"Vajra":19,"StoneCalendar":25,"Incense Burner":19,"Ginger":4,"Smiling Mask":6,"Boot":24,"Nunchaku":22,"TheAbacus":19,"Mummified Hand":17,"Pantograph":13,"Tiny Chest":14,"Fusion Hammer":9,"Ring of the Snake":0,"Lee\u0027s Waffle":16,"Blue Candle":3,"Thread and Needle":5,"Question Card":14,"Mercury Hourglass":24,"OrangePellets":24,"Membership Card":19,"Ring of the Serpent":18,"Meat on the Bone":8},{"Darkstone Periapt":89,"Lantern":69,"Enchiridion":89,"Vajra":105,"StoneCalendar":157,"Incense Burner":105,"Ginger":18,"Smiling Mask":27,"Boot":151,"Nunchaku":122,"TheAbacus":105,"Mummified Hand":94,"Pantograph":75,"Tiny Chest":81,"Fusion Hammer":56,"Ring of the Snake":0,"Lee\u0027s Waffle":89,"Blue Candle":11,"Thread and Needle":23,"Question Card":81,"Mercury Hourglass":151,"OrangePellets":151,"Membership Card":105,"Ring of the Serpent":102,"Meat on the Bone":39}],"Meat on the Bone":12},"card_choices":[{"not_picked":["Concentrate","Backflip"],"picked":"Well Laid Plans","floor":1},{"not_picked":["Quick Slash","Burst"],"picked":"Eviscerate","floor":3},{"not_picked":["Acrobatics","Poisoned Stab"],"picked":"Dash","floor":4},{"not_picked":["Die Die Die","Finisher"],"picked":"Wraith Form v2","floor":6},{"not_picked":["Slice","Flying Knee"],"picked":"Blade Dance","floor":7},{"not_picked":["Finisher","Bane"],"picked":"Backstab","floor":10},{"not_picked":["Expertise","Dodge and Roll"],"picked":"Leg Sweep","floor":11},{"not_picked":["PiercingWail","Poisoned Stab"],"picked":"Well Laid Plans","floor":14},{"not_picked":["Malaise","Storm of Steel"],"picked":"Phantasmal Killer","floor":16},{"not_picked":["Deflect","Accuracy"],"picked":"Underhanded Strike+1","floor":18},{"not_picked":["Cloak And Dagger","Leg Sweep"],"picked":"Calculated Gamble","floor":20},{"not_picked":["Deflect","Sucker Punch"],"picked":"Backflip","floor":21},{"not_picked":["Wraith Form v2","Malaise"],"picked":"Terror+1","floor":23},{"not_picked":["Tactician","Deadly Poison","Escape Plan","Reflex","Bane","Bouncing Flask","Caltrops","Choke","Backflip","Dagger Spray","Deflect","Riddle With Holes","Heel Hook","Flying Knee","Quick Slash","Dagger Throw","Cloak And Dagger","PiercingWail","Well Laid Plans"],"picked":"Acrobatics","floor":24},{"not_picked":["Concentrate","Infinite Blades"],"picked":"Acrobatics+1","floor":25},{"not_picked":["Backflip","Expertise","Prepared"],"picked":"Blade Dance","floor":27},{"not_picked":["Terror","Dagger Spray","Envenom","Underhanded Strike"],"picked":"SKIP","floor":28},{"not_picked":["Slice","Cloak And Dagger","Poisoned Stab+1"],"picked":"Tools of the Trade","floor":31},{"not_picked":["Storm of Steel","Doppelganger","Burst"],"picked":"Wraith Form v2","floor":33},{"not_picked":["Infinite Blades","Blade Dance","Noxious Fumes","Escape Plan+1"],"picked":"SKIP","floor":35},{"not_picked":["Setup","Outmaneuver","Dodge and Roll","Caltrops+1"],"picked":"SKIP","floor":45},{"not_picked":["Underhanded Strike","Deflect","Finisher","Blade Dance+1"],"picked":"SKIP","floor":47},{"not_picked":["A Thousand Cuts","Sucker Punch+1","Underhanded Strike"],"picked":"Reflex","floor":48},{"not_picked":["Deadly Poison","Dagger Spray+1","Quick Slash","Sucker Punch"],"picked":"SKIP","floor":55}],"player_experience":4772906,"relics_obtained":[{"floor":6,"key":"Ginger"},{"floor":9,"key":"Thread and Needle"},{"floor":10,"key":"Smiling Mask"},{"floor":14,"key":"Meat on the Bone"},{"floor":23,"key":"Pantograph"},{"floor":25,"key":"Tiny Chest"},{"floor":26,"key":"Question Card"},{"floor":28,"key":"Darkstone Periapt"},{"floor":29,"key":"Enchiridion"},{"floor":31,"key":"Mummified Hand"},{"floor":39,"key":"Vajra"},{"floor":48,"key":"Nunchaku"},{"floor":55,"key":"StoneCalendar"}],"event_choices":[{"damage_healed":0,"gold_gain":0,"cards_transformed":["Defend_G"],"player_choice":"Change","damage_taken":0,"max_hp_gain":0,"max_hp_loss":0,"event_name":"Living Wall","floor":2,"gold_loss":0,"cards_obtained":["Die Die Die"]},{"damage_healed":0,"gold_gain":0,"player_choice":"Paid Gold","damage_taken":0,"relics_obtained":["Blue Candle"],"max_hp_gain":0,"max_hp_loss":0,"event_name":"WeMeetAgain","floor":5,"gold_loss":124},{"cards_removed":["Well Laid Plans"],"damage_healed":44,"gold_gain":0,"player_choice":"Offered Uncommon","damage_taken":0,"max_hp_gain":0,"max_hp_loss":0,"event_name":"Bonfire Elementals","floor":8,"gold_loss":0},{"damage_healed":0,"gold_gain":50,"player_choice":"Pray","damage_taken":0,"max_hp_gain":0,"max_hp_loss":0,"event_name":"Golden Shrine","floor":19,"gold_loss":0},{"damage_healed":0,"gold_gain":0,"player_choice":"Opened","damage_taken":0,"relics_obtained":["Lantern"],"max_hp_gain":0,"max_hp_loss":0,"event_name":"The Mausoleum","floor":22,"gold_loss":0,"cards_obtained":["Writhe"]},{"damage_healed":0,"gold_gain":0,"player_choice":"Read","damage_taken":0,"max_hp_gain":0,"max_hp_loss":0,"event_name":"The Library","floor":24,"gold_loss":0,"cards_obtained":["Acrobatics"]},{"damage_healed":0,"gold_gain":0,"player_choice":"Obtained Book","damage_taken":21,"max_hp_gain":0,"max_hp_loss":0,"event_name":"Cursed Tome","floor":29,"gold_loss":0},{"damage_healed":0,"gold_gain":0,"player_choice":"Ignored","damage_taken":0,"max_hp_gain":0,"max_hp_loss":0,"event_name":"Tomb of Lord Red Mask","floor":36,"gold_loss":0},{"damage_healed":0,"gold_gain":999,"player_choice":"Gold","damage_taken":0,"max_hp_gain":0,"max_hp_loss":0,"event_name":"MindBloom","floor":38,"gold_loss":0,"cards_obtained":["Normality","Normality"]},{"damage_healed":0,"gold_gain":0,"player_choice":"Max HP","damage_taken":0,"max_hp_gain":0,"max_hp_loss":5,"event_name":"Winding Halls","floor":40,"gold_loss":0},{"damage_healed":0,"gold_gain":0,"player_choice":"Copied","damage_taken":0,"max_hp_gain":0,"max_hp_loss":0,"event_name":"Duplicator","floor":44,"gold_loss":0,"cards_obtained":["Wraith Form v2"]}],"is_beta":false,"boss_relics":[{"not_picked":["Sozu","WristBlade"],"picked":"Fusion Hammer"},{"not_picked":["Black Star","Runic Dome"],"picked":"Ring of the Serpent"}],"items_purged_floors":[30,37,42,54],"is_endless":false,"potions_floor_spawned":[1,4,7,10,11,18,20,28,35,45],"ascension_level":20,"potion_discard_per_floor":[[],[],[],["Block Potion"],[],[],[],[],[],[],[],[],[],[],[],[],[],[],[],[],[],[],[],[],[],[],[],[],[],[],[],[],[],[],[],[],["Block Potion"],[],[],[],[],[],[],[],["AttackPotion"],[],[],[],[],[],[],[],[],["SteroidPotion"],[],[],[]]}