{"neow_bonuses_skipped_log":["REMOVE_CARD","TRANSFORM_TWO_CARDS","BOSS_RELIC"],"potions_obtained_entropic_brew":[[],[],[],[],[],[],[],[],[],[],[],[],[],[],[],[],[],[],[],[],[],[],[],[],[],[],[],[],[],[],[],[],[],[],[],[],[],[],[],[],[],[],[],[],[],[],[],[],[],[],[],[],[],[],[],[],[]],"neow_costs_skipped_log":["NONE","NO_GOLD","NONE"],"gold_per_floor":[115,190,200,211,211,246,246,264,335,5,43,74,86,111,123,224,236,268,305,317,344,379,391,421,433,527,539,551,45,88,108,108,207,207,227,17,350,367,367,398,409,437,437,214,214,214,214,227,227,227,227,227,227,48,78,78],"floor_reached":57,"playtime":5867,"items_purged":["Pain","Strike_G"],"score":2634,"play_id":"1be97883-621f-4a4b-83eb-5231c829c8f2","local_time":"20221225152642","score_breakdown":["Floors Climbed (57): 285","Enemies Slain (16): 32","Exordium Elites Killed (2): 20","City Elites Killed (1): 20","Beyond Elites Killed (2): 60","Bosses Slain (5): 750","Money Money (1539): 25","Librarian: 25","Ascension (20): 1167","Heartbreaker: 250"],"is_ascension_mode":true,"potions_obtained_alchemize":[[],[],[],[],[],[],[],[],[],[],[],[],[],[],[],[],[],[],[],[],[],[],[],[],[],[],[],[],[],[],[],[],[],[],[],[],[],[],[],[],[],[],[],[],[],[],[],[],[],[],[],[],[],[],[],[],[]],"campfire_choices":[{"floor":7,"key":"REST"},{"data":"Deadly Poison","floor":13,"key":"SMITH"},{"data":"Wraith Form v2","floor":15,"key":"SMITH"},{"floor":23,"key":"REST"},{"floor":25,"key":"REST"},{"data":"Wraith Form v2","floor":32,"key":"SMITH"},{"floor":45,"key":"RECALL"},{"data":"Night Terror","floor":47,"key":"SMITH"},{"data":"Wraith Form v2","floor":49,"key":"SMITH"},{"data":"Terror","floor":53,"key":"SMITH"}],"lesson_learned_per_floor":[[],[],[],[],[],[],[],[],[],[],[],[],[],[],[],[],[],[],[],[],[],[],[],[],[],[],[],[],[],[],[],[],[],[],[],[],[],[],[],[],[],[],[],[],[],[],[],[],[],[],[],[],[],[],[],[],[]],"neow_cost":"NONE","improvable_cards":{},"seed_source_timestamp":6001525868192,"shop_contents":[{"floor":10,"relics":["Tiny Chest","Calipers"],"cards":["Flechettes","Sucker Punch","Catalyst","Expertise","Caltrops","The Bomb"],"potions":["SpeedPotion","DistilledChaos"]},{"floor":29,"relics":["Bottled Tornado","Strange Spoon"],"cards":["Skewer","Backstab","Concentrate","Tools of the Trade","Finesse","Panache"],"potions":["FairyPotion","Strength Potion","Regen Potion"]},{"floor":36,"relics":["Boot","Regal Pillow","PrismaticShard"],"cards":["Choke","Quick Slash","Infinite Blades","PanicButton","Violence"],"potions":["AttackPotion","Explosive Potion","DistilledChaos"]},{"floor":44,"relics":["Molten Egg 2","Du-Vu Doll"],"cards":["Flying Knee","Choke","Bouncing Flask","Well Laid Plans","Impatience","Mayhem"],"potions":["SteroidPotion","FairyPotion","DuplicationPotion"]},{"floor":54,"relics":["InkBottle","Letter Opener","Cauldron"],"cards":["Quick Slash","Underhanded Strike","Prepared","Escape Plan","Caltrops","Forethought"],"potions":["SteroidPotion","Block Potion","Poison Potion"]}],"circlet_count":0,"master_deck":["AscendersBane","Strike_G","Strike_G","Defend_G","Defend_G","Defend_G","Defend_G","Defend_G","Survivor","Neutralize","Quick Slash","Dagger Spray","Wraith Form v2+1","Deadly Poison+1","Dramatic Entrance","Slice","PiercingWail","Blade Dance","Wraith Form v2+1","Predator","Blade Dance","Poisoned Stab","Footwork+1","Bouncing Flask","Calculated Gamble","Night Terror+1","Doppelganger","Wraith Form v2+1","Concentrate","Terror+1","PiercingWail","Finisher","After Image","Flying Knee+1","Acrobatics+1","Deflect","Skewer","Master of Strategy","Acrobatics"],"potion_use_per_floor":[[],[],[],[],[],["CunningPotion","FearPotion"],[],[],[],[],[],[],[],[],[],[],[],[],[],[],[],[],[],[],[],[],[],[],[],[],[],[],[],[],[],[],[],[],[],["Swift Potion"],[],["Fruit Juice"],[],[],[],[],[],[],[],[],[],[],[],[],["Swift Potion"],["CultistPotion","Ancient Potion"],[]],"relics":["Ring of the Serpent","Unceasing Top","Mercury Hourglass","Lee\u0027s Waffle","MawBank","WarpedTongs","Sundial","Shuriken","Pantograph","Omamori","Runic Pyramid","Thread and Needle","TungstenRod","Chemical X","Strawberry"],"potions_floor_usage":[6,6,40,42,55,56,56],"damage_taken":[{"damage":0,"enemies":"2 Louse","floor":1,"turns":4},{"damage":20,"enemies":"Jaw Worm","floor":3,"turns":8},{"damage":1,"enemies":"Cultist","floor":4,"turns":4},{"damage":24,"enemies":"3 Sentries","floor":6,"turns":11},{"damage":2,"enemies":"2 Fungi Beasts","floor":8,"turns":4},{"damage":10,"enemies":"Gremlin Nob","floor":11,"turns":5},{"damage":6,"enemies":"3 Louse","floor":12,"turns":2},{"damage":7,"enemies":"Exordium Thugs","floor":14,"turns":4},{"damage":30,"enemies":"The Guardian","floor":16,"turns":13},{"damage":12,"enemies":"2 Thieves","floor":18,"turns":4},{"damage":11,"enemies":"Shell Parasite","floor":19,"turns":7},{"damage":17,"enemies":"Centurion and Healer","floor":21,"turns":9},{"damage":11,"enemies":"Sentry and Sphere","floor":22,"turns":8},{"damage":9,"enemies":"Snake Plant","floor":24,"turns":6},{"damage":10,"enemies":"Gremlin Leader","floor":30,"turns":7},{"damage":2,"enemies":"Centurion and Healer","floor":31,"turns":6},{"damage":35,"enemies":"Automaton","floor":33,"turns":12},{"damage":1,"enemies":"Orb Walker","floor":35,"turns":4},{"damage":2,"enemies":"3 Shapes","floor":38,"turns":6},{"damage":13,"enemies":"Nemesis","floor":40,"turns":11},{"damage":12,"enemies":"Transient","floor":41,"turns":6},{"damage":2,"enemies":"Reptomancer","floor":42,"turns":7},{"damage":0,"enemies":"Sphere and 2 Shapes","floor":48,"turns":4},{"damage":14,"enemies":"Time Eater","floor":50,"turns":15},{"damage":5,"enemies":"Donu and Deca","floor":51,"turns":14},{"damage":16,"enemies":"Shield and Spear","floor":55,"turns":17},{"damage":38,"enemies":"The Heart","floor":56,"turns":13}],"green_key_taken_log":40,"seed_played":"480250173422679730","neow_bonus_log":{"cardsObtained":[],"cardsUpgraded":[],"cardsRemoved":[],"cardsTransformed":[],"relicsObtained":[],"maxHpGained":0,"goldGained":0,"damageTaken":0,"goldLost":0,"maxHpLost":0},"potions_obtained":[{"floor":0,"key":"CunningPotion"},{"floor":0,"key":"FearPotion"},{"floor":6,"key":"Weak Potion"},{"floor":18,"key":"Poison Potion"},{"floor":35,"key":"Fruit Juice"},{"floor":41,"key":"Swift Potion"},{"floor":42,"key":"Ancient Potion"},{"floor":55,"key":"CultistPotion"}],"is_trial":false,"path_per_floor":["M","?","M","M","?","E","R","M","T","$","E","M","R","M","R","B",null,"M","M","?","M","M","R","M","R","T","?","?","$","E","M","R","B",null,"M","$","?","M","?","E","M","E","T","$","R","?","R","M","R","B","B",null,"R","$","E","B",null],"character_chosen":"THE_SILENT","items_purchased":["Lee\u0027s Waffle","Dramatic Entrance","Swift Potion","Night Terror","Pantograph","Terror","PiercingWail","Deflect","Chemical X","Master of Strategy"],"campfire_rested":3,"item_purchase_floors":[10,10,10,29,29,36,36,44,44,54],"current_hp_per_floor":[59,48,28,27,27,3,21,19,19,67,57,51,51,44,44,14,54,42,31,31,14,3,23,14,34,34,34,34,34,24,22,22,12,53,52,52,52,50,50,37,25,28,28,28,28,42,42,42,42,53,67,71,71,71,62,41],"gold":78,"neow_bonus":"THREE_SMALL_POTIONS","is_prod":false,"is_daily":false,"rewards_skipped":[{"floor":0,"relics":[],"potions":["SpeedPotion"]},{"floor":1,"relics":[],"potions":["SmokeBomb"]},{"floor":4,"relics":[],"potions":["Fruit Juice"]},{"floor":16,"relics":[],"potions":["Dexterity Potion"]},{"floor":21,"relics":[],"potions":["SpeedPotion"]},{"floor":24,"relics":[],"potions":["Fire Potion"]}],"chose_seed":false,"campfire_upgraded":6,"win_rate":0,"floor_exit_playtime":[175,180,425,474,477,915,920,978,1014,1097,1197,1278,1285,1370,1387,1572,1865,1967,2139,2192,2324,2467,2471,2600,2604,2623,2679,2699,2768,2940,3020,3040,3507,3575,3622,3665,3672,3835,3837,4005,4186,4479,4482,4540,4552,4558,4566,4742,4748,4977,5208,5221,5258,5331,5637,5867],"timestamp":1672000002,"blue_key_relic_skipped_log":{"floor":43,"relicID":"Gremlin Horn"},"path_taken":["M","?","M","M","?","E","R","M","T","?","E","M","R","M","R","BOSS","M","M","?","?","M","R","M","R","T","?","?","$","E","M","R","BOSS","M","$","?","M","?","E","?","E","T","$","R","?","R","M","R","BOSS","BOSS","R","$","E","BOSS"],"build_version":"2022-12-18","purchased_purges":2,"victory":true,"max_hp_per_floor":[66,66,66,66,60,60,60,60,60,67,67,67,67,67,67,67,67,67,67,67,67,67,67,67,67,67,67,67,67,67,67,67,67,67,67,67,67,67,67,67,67,72,72,72,72,72,72,72,72,72,72,72,72,72,79,79],"relic_stats":{"Lee\u0027s Waffle":48,"counters":[27,208],"Omamori":1,"MawBank":216,"Mercury Hourglass":[589],"WarpedTongs":[143],"Sundial":[10],"Shuriken":[57],"Pantograph":86,"Chemical X":[13],"obtain_stats":[{"Lee\u0027s Waffle":10,"Golden Idol":5,"Thread and Needle":40,"Omamori":30,"MawBank":11,"Mercury Hourglass":9,"WarpedTongs":20,"Sundial":26,"Shuriken":28,"Pantograph":29,"Strawberry":55,"Chemical X":44,"Unceasing Top":6,"Ring of the Serpent":17,"TungstenRod":42,"Ring of the Snake":0,"Runic Pyramid":34},{"Lee\u0027s Waffle":5,"Golden Idol":3,"Thread and Needle":20,"Omamori":15,"MawBank":6,"Mercury Hourglass":5,"WarpedTongs":11,"Sundial":14,"Shuriken":14,"Pantograph":14,"Strawberry":26,"Chemical X":22,"Unceasing Top":4,"Ring of the Serpent":9,"TungstenRod":22,"Ring of the Snake":0,"Runic Pyramid":17},{"Lee\u0027s Waffle":31,"Golden Idol":16,"Thread and Needle":133,"Omamori":95,"MawBank":36,"Mercury Hourglass":31,"WarpedTongs":65,"Sundial":88,"Shuriken":88,"Pantograph":88,"Strawberry":195,"Chemical X":146,"Unceasing Top":27,"Ring of the Serpent":54,"TungstenRod":146,"Ring of the Snake":0,"Runic Pyramid":112}],"Unceasing Top":[0],"TungstenRod":53},"card_choices":[{"not_picked":["Cloak And Dagger","Riddle With Holes","Distraction"],"picked":"SKIP","floor":1},{"not_picked":["Bane","Heel Hook"],"picked":"Quick Slash","floor":3},{"not_picked":["Sucker Punch","Flechettes"],"picked":"Dagger Spray","floor":4},{"not_picked":["Quick Slash","Skewer"],"picked":"Wraith Form v2","floor":6},{"not_picked":["Bane","Prepared"],"picked":"Deadly Poison","floor":8},{"not_picked":["Skewer","Dodge and Roll"],"picked":"Slice","floor":11},{"not_picked":["Blade Dance","Quick Slash"],"picked":"PiercingWail","floor":12},{"not_picked":["Flechettes","Heel Hook"],"picked":"Blade Dance","floor":14},{"not_picked":["Night Terror","Phantasmal Killer"],"picked":"Wraith Form v2","floor":16},{"not_picked":["Tactician","Cloak And Dagger"],"picked":"Predator","floor":18},{"not_picked":["Finisher","Sucker Punch"],"picked":"Blade Dance","floor":19},{"not_picked":["Heel Hook","Endless Agony","Dagger Spray"],"picked":"SKIP","floor":21},{"not_picked":["Underhanded Strike","All Out Attack"],"picked":"Poisoned Stab","floor":22},{"not_picked":["Quick Slash","Flying Knee"],"picked":"Footwork+1","floor":24},{"not_picked":["Concentrate","Setup"],"picked":"Doppelganger","floor":30},{"not_picked":["Flechettes","Blade Dance","Underhanded Strike+1"],"picked":"SKIP","floor":31},{"not_picked":["Tools of the Trade","Corpse Explosion"],"picked":"Wraith Form v2","floor":33},{"not_picked":["Choke","Slice"],"picked":"Concentrate","floor":35},{"not_picked":["Blade Dance+1","Backflip"],"picked":"Finisher","floor":38},{"not_picked":["Dodge and Roll","Cloak And Dagger"],"picked":"After Image","floor":40},{"not_picked":["Backstab+1","Masterful Stab+1"],"picked":"Flying Knee+1","floor":41},{"not_picked":["Envenom","Deflect"],"picked":"Acrobatics+1","floor":42},{"not_picked":["Dodge and Roll","Skewer","Eviscerate+1"],"picked":"SKIP","floor":48},{"not_picked":["Dodge and Roll","Skewer","Eviscerate+1"],"picked":"SKIP","floor":48},{"not_picked":["Dodge and Roll","Eviscerate+1"],"picked":"Skewer","floor":48},{"not_picked":["Underhanded Strike+1","Deadly Poison"],"picked":"Acrobatics","floor":55}],"player_experience":4853610,"relics_obtained":[{"floor":6,"key":"Unceasing Top"},{"floor":9,"key":"Mercury Hourglass"},{"floor":11,"key":"MawBank"},{"floor":26,"key":"Sundial"},{"floor":28,"key":"Shuriken"},{"floor":30,"key":"Omamori"},{"floor":40,"key":"Thread and Needle"},{"floor":42,"key":"TungstenRod"},{"floor":55,"key":"Strawberry"}],"event_choices":[{"damage_healed":0,"gold_gain":75,"player_choice":"Gather Gold","damage_taken":11,"max_hp_gain":0,"max_hp_loss":0,"event_name":"World of Goop","floor":2,"gold_loss":0},{"damage_healed":0,"gold_gain":0,"player_choice":"Lose Max HP","damage_taken":0,"relics_obtained":["Golden Idol"],"max_hp_gain":0,"max_hp_loss":6,"event_name":"Golden Idol","floor":5,"gold_loss":0},{"damage_healed":0,"gold_gain":0,"player_choice":"Rummage","damage_taken":0,"relics_obtained":["WarpedTongs"],"max_hp_gain":0,"max_hp_loss":0,"event_name":"Accursed Blacksmith","floor":20,"gold_loss":0,"cards_obtained":["Pain"]},{"damage_healed":0,"gold_gain":0,"cards_transformed":["Strike_G","Strike_G"],"player_choice":"Became Test Subject","damage_taken":0,"max_hp_gain":0,"max_hp_loss":0,"event_name":"Drug Dealer","floor":27,"gold_loss":0,"cards_obtained":["Bouncing Flask","Calculated Gamble"]},{"damage_healed":0,"gold_gain":0,"player_choice":"Relic","damage_taken":0,"max_hp_gain":0,"max_hp_loss":0,"event_name":"Wheel of Change","floor":28,"gold_loss":0},{"damage_healed":0,"gold_gain":333,"player_choice":"Gave Idol","damage_taken":0,"max_hp_gain":0,"max_hp_loss":0,"event_name":"The Moai Head","floor":37,"relics_lost":["Golden Idol"],"gold_loss":0},{"damage_healed":0,"gold_gain":0,"player_choice":"Ignored","damage_taken":0,"max_hp_gain":0,"max_hp_loss":0,"event_name":"Tomb of Lord Red Mask","floor":39,"gold_loss":0},{"damage_healed":14,"gold_gain":0,"player_choice":"Writhe","damage_taken":0,"max_hp_gain":0,"max_hp_loss":0,"event_name":"Winding Halls","floor":46,"gold_loss":0,"cards_obtained":["Writhe"]}],"is_beta":false,"boss_relics":[{"not_picked":["HoveringKite","Sozu"],"picked":"Ring of the Serpent"},{"not_picked":["Busted Crown","Empty Cage"],"picked":"Runic Pyramid"}],"items_purged_floors":[29,36],"is_endless":false,"potions_floor_spawned":[1,4,6,16,18,21,24,35,41,42,55],"ascension_level":20,"potion_discard_per_floor":[[],[],[],[],[],[],[],[],[],[],[],[],[],[],[],[],[],["Weak Potion"],[],[],[],[],[],[],[],[],[],[],[],[],[],[],[],[],["Poison Potion"],[],[],[],[],[],[],[],[],[],[],[],[],[],[],[],[],[],[],[],[],[],[]]}