{"neow_bonuses_skipped_log":["THREE_SMALL_POTIONS","TWENTY_PERCENT_HP_BONUS","BOSS_RELIC"],"potions_obtained_entropic_brew":[[],[],[],[],[],[],[],[],[],[],[],[],[],[],[],[],[],[],[],[],[],[],[],[],[]],"neow_costs_skipped_log":["NONE","CURSE","NONE"],"gold_per_floor":[117,136,153,165,176,176,201,201,228,96,125,125,137,155,155,234,234,249,9,27,27,27,59,59,59],"floor_reached":25,"playtime":942,"items_purged":["Strike_R"],"score":466,"play_id":"4988c560-359b-4d87-bbf7-b214edc34f2d","local_time":"20240213210920","score_breakdown":["Floors Climbed (25): 125","Enemies Slain (9): 18","Exordium Elites Killed (2): 20","City Elites Killed (1): 20","Bosses Slain (1): 50","Ascension (20): 233"],"is_ascension_mode":true,"potions_obtained_alchemize":[[],[],[],[],[],[],[],[],[],[],[],[],[],[],[],[],[],[],[],[],[],[],[],[],[]],"campfire_choices":[{"data":"Whirlwind","floor":6,"key":"SMITH"},{"data":"Blood for Blood","floor":12,"key":"SMITH"},{"data":"Inflame","floor":15,"key":"SMITH"},{"floor":24,"key":"REST"}],"lesson_learned_per_floor":[[],[],[],[],[],[],[],[],[],[],[],[],[],[],[],[],[],[],[],[],[],[],[],[],[]],"neow_cost":"NONE","improvable_cards":{},"seed_source_timestamp":26347045325903,"shop_contents":[{"floor":10,"relics":["Dead Branch","Ancient Tea Set","Medical Kit"],"cards":["Clash","Pummel","Armaments","Flex","Metallicize","Forethought","The Bomb"],"potions":["AttackPotion","AttackPotion"]},{"floor":19,"relics":["Champion Belt","OrangePellets"],"cards":["Thunderclap","Perfected Strike","Armaments","Dark Embrace","Panacea","Apotheosis"],"potions":["Dexterity Potion","ElixirPotion","SteroidPotion"]}],"circlet_count":0,"master_deck":["AscendersBane","Strike_R","Strike_R","Strike_R","Defend_R","Defend_R","Defend_R","Defend_R","Bash","Trip","Headbutt","Whirlwind+1","Blood for Blood+1","Feel No Pain","Anger","Dark Embrace","True Grit","Inflame+1","Offering","Shockwave","Exhume"],"potion_use_per_floor":[[],[],[],[],[],[],["Fire Potion"],[],[],[],["SteroidPotion"],[],[],[],[],[],[],[],[],[],[],[],["Block Potion","Regen Potion"],[],["SkillPotion"]],"relics":["Burning Blood","Pocketwatch","Bag of Marbles","Oddly Smooth Stone","Black Star","Potion Belt","Orichalcum","Art of War"],"potions_floor_usage":[7,11,23,23,25],"damage_taken":[{"damage":0,"enemies":"2 Louse","floor":1,"turns":2},{"damage":6,"enemies":"Jaw Worm","floor":2,"turns":5},{"damage":10,"enemies":"Small Slimes","floor":3,"turns":3},{"damage":8,"enemies":"3 Louse","floor":4,"turns":2},{"damage":14,"enemies":"2 Fungi Beasts","floor":5,"turns":3},{"damage":8,"enemies":"Gremlin Nob","floor":7,"turns":3},{"damage":10,"enemies":"3 Sentries","floor":11,"turns":3},{"damage":0,"enemies":"Exordium Wildlife","floor":13,"turns":2},{"damage":1,"enemies":"Blue Slaver","floor":14,"turns":3},{"damage":6,"enemies":"Slime Boss","floor":16,"turns":5},{"damage":21,"enemies":"Shell Parasite","floor":18,"turns":3},{"damage":10,"enemies":"2 Thieves","floor":20,"turns":4},{"damage":42,"enemies":"Book of Stabbing","floor":23,"turns":5},{"damage":36,"enemies":"Slavers","floor":25,"turns":3}],"green_key_taken_log":11,"seed_played":"8776239764537256226","neow_bonus_log":{"cardsObtained":[],"cardsUpgraded":[],"cardsRemoved":[],"cardsTransformed":[],"relicsObtained":[],"maxHpGained":0,"goldGained":0,"damageTaken":0,"goldLost":0,"maxHpLost":0},"potions_obtained":[{"floor":3,"key":"Regen Potion"},{"floor":4,"key":"EssenceOfSteel"},{"floor":5,"key":"Fire Potion"},{"floor":11,"key":"Ancient Potion"},{"floor":20,"key":"Block Potion"},{"floor":23,"key":"SkillPotion"}],"is_trial":false,"path_per_floor":["M","M","M","M","M","R","E","?","T","$","E","R","M","M","R","B",null,"M","$","M","?","?","E","R","E"],"character_chosen":"IRONCLAD","basemod:card_modifiers":[null,null,null,null,null,null,null,null,null,null,null,null,null,null,null,null,null,null,null,null,null],"items_purchased":["SteroidPotion","Shockwave","Potion Belt"],"campfire_rested":1,"item_purchase_floors":[10,19,19],"current_hp_per_floor":[74,74,70,68,60,60,58,58,58,58,54,54,60,65,65,65,73,58,58,54,33,33,11,35,0],"gold":59,"neow_bonus":"RANDOM_COLORLESS","is_prod":false,"is_daily":false,"rewards_skipped":[],"chose_seed":false,"campfire_upgraded":3,"win_rate":0,"floor_exit_playtime":[213,254,278,291,315,320,351,355,358,383,416,423,453,483,489,596,629,668,685,722,726,734,832,835],"timestamp":1707876560,"path_taken":["M","M","M","?","?","R","E","?","T","$","E","R","M","M","R","BOSS","M","$","M","?","?","E","R","E"],"build_version":"2022-12-18","purchased_purges":1,"victory":false,"max_hp_per_floor":[75,75,75,75,75,75,75,75,75,75,75,75,75,75,75,75,75,75,75,75,80,80,80,80,80],"relic_stats":{"counters":[14,46],"Black Star":1,"Art of War":[0],"Orichalcum":[6],"obtain_stats":[{"Potion Belt":19,"Oddly Smooth Stone":11,"Bag of Marbles":9,"Black Star":17,"Art of War":23,"Orichalcum":23,"Burning Blood":0,"Pocketwatch":7},{"Potion Belt":11,"Oddly Smooth Stone":7,"Bag of Marbles":6,"Black Star":10,"Art of War":13,"Orichalcum":13,"Burning Blood":0,"Pocketwatch":6},{"Potion Belt":34,"Oddly Smooth Stone":21,"Bag of Marbles":18,"Black Star":31,"Art of War":43,"Orichalcum":43,"Burning Blood":0,"Pocketwatch":18}],"Burning Blood":78,"Pocketwatch":[45]},"card_choices":[{"not_picked":["Deep Breath","Purity"],"picked":"Trip","floor":0},{"not_picked":["Sword Boomerang","Warcry"],"picked":"Headbutt","floor":1},{"not_picked":["Headbutt","Anger"],"picked":"Whirlwind","floor":2},{"not_picked":["Heavy Blade","Armaments"],"picked":"Blood for Blood","floor":3},{"not_picked":["Sword Boomerang","Rampage"],"picked":"Feel No Pain","floor":4},{"not_picked":["Ghostly Armor","Twin Strike"],"picked":"Anger","floor":5},{"not_picked":["Battle Trance","Rampage"],"picked":"Dark Embrace","floor":7},{"not_picked":["Feel No Pain","Sever Soul","Dropkick"],"picked":"SKIP","floor":11},{"not_picked":["Havoc","Blood for Blood"],"picked":"Inflame","floor":14},{"not_picked":["Corruption","Juggernaut"],"picked":"Offering","floor":16},{"not_picked":["Twin Strike","Thunderclap","Warcry"],"picked":"SKIP","floor":18},{"not_picked":["Havoc","Wild Strike","Body Slam"],"picked":"SKIP","floor":20},{"not_picked":["Dark Embrace","Seeing Red","Twin Strike","Brutality","Heavy Blade","Combust","Evolve","Fire Breathing","Cleave","Perfected Strike","Clothesline","Warcry","Rage","Headbutt","Iron Wave","Carnage","Thunderclap","Bludgeon","Intimidate"],"picked":"Exhume","floor":22}],"player_experience":6066245,"relics_obtained":[{"floor":7,"key":"Pocketwatch"},{"floor":9,"key":"Bag of Marbles"},{"floor":11,"key":"Oddly Smooth Stone"},{"floor":23,"key":"Orichalcum"},{"floor":23,"key":"Art of War"}],"event_choices":[{"damage_healed":0,"gold_gain":0,"cards_transformed":["Strike_R"],"player_choice":"Transformed","damage_taken":0,"max_hp_gain":0,"max_hp_loss":0,"event_name":"Transmorgrifier","floor":8,"gold_loss":0,"cards_obtained":["True Grit"]},{"damage_healed":0,"gold_gain":0,"player_choice":"Shed Blood","damage_taken":26,"max_hp_gain":5,"max_hp_loss":0,"event_name":"Forgotten Altar","floor":21,"gold_loss":0},{"damage_healed":0,"gold_gain":0,"player_choice":"Read","damage_taken":0,"max_hp_gain":0,"max_hp_loss":0,"event_name":"The Library","floor":22,"gold_loss":0,"cards_obtained":["Exhume"]}],"is_beta":false,"boss_relics":[{"not_picked":["Astrolabe","SacredBark"],"picked":"Black Star"}],"items_purged_floors":[10],"is_endless":false,"potions_floor_spawned":[3,4,5,11,20,23],"killed_by":"Slavers","ascension_level":20,"potion_discard_per_floor":[[],[],[],[],["EssenceOfSteel"],[],[],[],[],[],[],[],[],[],[],[],[],[],[],[],[],[],[],[],[]]}