{"neow_bonuses_skipped_log":["UPGRADE_CARD","THREE_SMALL_POTIONS","RANDOM_COLORLESS_2"],"neow_costs_skipped_log":["NONE","NONE","PERCENT_DAMAGE"],"potions_obtained_entropic_brew":[[],[],[],[],[],[],[],[],[],[],[],[],[],[],[],[],[],[],[],[],[],[],[],[],[],[],[],[],[],[],[],[],[],[],[],[],[],[],[],[],[],[],[],[],[],[],[],[],[],[],[],[],[],[],[],[],[]],"gold_per_floor":[110,127,139,149,224,224,63,63,86,158,173,173,187,205,205,284,284,299,299,299,313,49,81,81,110,188,214,63,74,74,103,103,175,175,192,204,204,221,221,221,246,246,326,360,378,206,225,236,236,236,236,236,236,35,67,67],"floor_reached":57,"playtime":4557,"items_purged":["Strike_R","Strike_R+1"],"score":2784,"play_id":"60d07f30-fc83-4766-808c-eaec29f65d89","local_time":"20240204223211","score_breakdown":["Floors Climbed (57): 285","Enemies Slain (16): 32","Exordium Elites Killed (1): 10","City Elites Killed (4): 80","Beyond Elites Killed (2): 60","Bosses Slain (5): 750","Stuffed: 50","C-c-c-combo: 25","Ascension (20): 1242","Heartbreaker: 250"],"is_ascension_mode":true,"potions_obtained_alchemize":[[],[],[],[],[],[],[],[],[],[],[],[],[],[],[],[],[],[],[],[],[],[],[],[],[],[],[],[],[],[],[],[],[],[],[],[],[],[],[],[],[],[],[],[],[],[],[],[],[],[],[],[],[],[],[],[],[]],"campfire_choices":[{"data":"Spot Weakness","floor":8,"key":"SMITH"},{"data":"Shockwave","floor":12,"key":"SMITH"},{"data":"Burning Pact","floor":15,"key":"SMITH"},{"floor":24,"key":"REST"},{"data":"Immolate","floor":30,"key":"SMITH"},{"data":"Feel No Pain","floor":32,"key":"SMITH"},{"floor":40,"key":"RECALL"},{"data":"Dark Embrace","floor":42,"key":"SMITH"},{"data":"Burning Pact","floor":49,"key":"SMITH"},{"data":"Bloodletting","floor":53,"key":"SMITH"}],"lesson_learned_per_floor":[[],[],[],[],[],[],[],[],[],[],[],[],[],[],[],[],[],[],[],[],[],[],[],[],[],[],[],[],[],[],[],[],[],[],[],[],[],[],[],[],[],[],[],[],[],[],[],[],[],[],[],[],[],[],[],[],[]],"neow_cost":"NONE","improvable_cards":{},"seed_source_timestamp":18273660235713,"shop_contents":[{"floor":7,"relics":["Orichalcum","HandDrill"],"cards":["Anger","Rampage","True Grit","Dual Wield","Metallicize","Dramatic Entrance","Secret Weapon"],"potions":["SteroidPotion","BlessingOfTheForge","ColorlessPotion"]},{"floor":22,"relics":["Ancient Tea Set","OrangePellets"],"cards":["Heavy Blade","Searing Blow","Dual Wield","True Grit","Metallicize","Discovery","Metamorphosis"],"potions":["AttackPotion","Explosive Potion","BlessingOfTheForge"]},{"floor":28,"relics":["Unceasing Top","Pear","DollysMirror"],"cards":["Clash","Wild Strike","Offering","Flex","Purity","Transmutation"],"potions":["Block Potion","Ancient Potion","Strength Potion"]},{"floor":46,"relics":["Bronze Scales","Du-Vu Doll","Cauldron"],"cards":["Whirlwind","Intimidate","Double Tap","Inflame","Panacea","Transmutation"],"potions":["Energy Potion","LiquidBronze","SmokeBomb"]},{"floor":54,"relics":["Nunchaku","Bag of Marbles","Chemical X"],"cards":["Searing Blow","Whirlwind","Flex","Shrug It Off","Demon Form","Chrysalis"],"potions":["Swift Potion","Swift Potion","ColorlessPotion"]}],"circlet_count":0,"master_deck":["AscendersBane","Defend_R","Defend_R","Defend_R","Bash+1","Entrench+1","Sentinel+1","Entrench+1","Fire Breathing","Spot Weakness+1","Burning Pact+1","Anger","Shockwave+1","Shrug It Off","Shrug It Off","Power Through","Immolate+1","Burning Pact+1","Shockwave","Armaments+1","Second Wind","Feel No Pain+1","Dual Wield+1","Feed","Bloodletting+1","Dark Embrace+1","Dropkick","Reaper","Intimidate+1","Finesse"],"potion_use_per_floor":[[],["SkillPotion"],[],[],[],[],[],[],[],["ColorlessPotion"],[],[],[],[],[],["Weak Potion"],[],[],[],[],[],[],[],[],["FearPotion"],[],[],[],[],[],[],[],[],[],[],["Energy Potion"],[],["Fruit Juice"],[],[],[],[],[],[],[],[],[],[],[],[],[],[],[],[],[],["Energy Potion"],[]],"relics":["Astrolabe","Akabeko","Omamori","Boot","Runic Pyramid","Bag of Preparation","Nilry\u0027s Codex","Meat on the Bone","Dream Catcher","Whetstone","White Beast Statue","Juzu Bracelet","Anchor","SlaversCollar","Lantern","Blood Vial","Incense Burner"],"potions_floor_usage":[2,10,16,25,36,38,56],"damage_taken":[{"damage":0,"enemies":"2 Louse","floor":1,"turns":4},{"damage":13,"enemies":"Jaw Worm","floor":2,"turns":8},{"damage":11,"enemies":"Small Slimes","floor":3,"turns":5},{"damage":9,"enemies":"3 Louse","floor":4,"turns":2},{"damage":12,"enemies":"3 Sentries","floor":10,"turns":5},{"damage":6,"enemies":"Blue Slaver","floor":11,"turns":5},{"damage":1,"enemies":"2 Fungi Beasts","floor":13,"turns":4},{"damage":5,"enemies":"Red Slaver","floor":14,"turns":4},{"damage":22,"enemies":"Hexaghost","floor":16,"turns":10},{"damage":2,"enemies":"Spheric Guardian","floor":18,"turns":7},{"damage":0,"enemies":"Chosen","floor":21,"turns":3},{"damage":31,"enemies":"Slavers","floor":23,"turns":4},{"damage":8,"enemies":"Book of Stabbing","floor":25,"turns":5},{"damage":9,"enemies":"Gremlin Leader","floor":27,"turns":6},{"damage":8,"enemies":"Centurion and Healer","floor":29,"turns":8},{"damage":17,"enemies":"Book of Stabbing","floor":31,"turns":8},{"damage":11,"enemies":"Champ","floor":33,"turns":8},{"damage":0,"enemies":"3 Darklings","floor":35,"turns":4},{"damage":2,"enemies":"Orb Walker","floor":36,"turns":6},{"damage":8,"enemies":"Sphere and 2 Shapes","floor":38,"turns":16},{"damage":18,"enemies":"Reptomancer","floor":41,"turns":10},{"damage":17,"enemies":"Nemesis","floor":44,"turns":7},{"damage":0,"enemies":"Writhing Mass","floor":45,"turns":9},{"damage":16,"enemies":"Jaw Worm Horde","floor":47,"turns":7},{"damage":0,"enemies":"Transient","floor":48,"turns":5},{"damage":38,"enemies":"Awakened One","floor":50,"turns":15},{"damage":33,"enemies":"Donu and Deca","floor":51,"turns":9},{"damage":25,"enemies":"Shield and Spear","floor":55,"turns":8},{"damage":83,"enemies":"The Heart","floor":56,"turns":7}],"green_key_taken_log":10,"seed_played":"-971506678405198756","neow_bonus_log":{"cardsObtained":[],"cardsUpgraded":[],"cardsRemoved":[],"cardsTransformed":[],"relicsObtained":["Astrolabe"],"maxHpGained":0,"goldGained":0,"damageTaken":0,"goldLost":0,"maxHpLost":0},"potions_obtained":[{"floor":1,"key":"SkillPotion"},{"floor":3,"key":"Weak Potion"},{"floor":4,"key":"ColorlessPotion"},{"floor":16,"key":"FearPotion"},{"floor":21,"key":"Swift Potion"},{"floor":27,"key":"SteroidPotion"},{"floor":31,"key":"Energy Potion"},{"floor":36,"key":"Fruit Juice"},{"floor":38,"key":"Fire Potion"},{"floor":48,"key":"Energy Potion"}],"is_trial":false,"path_per_floor":["M","M","M","M","?","?","$","R","T","E","M","R","M","M","R","B",null,"M","?","?","M","$","E","R","E","T","E","$","M","R","E","R","B",null,"M","M","?","M","?","R","E","R","T","E","M","$","M","M","R","B","B",null,"R","$","E","B",null],"character_chosen":"IRONCLAD","basemod:card_modifiers":[null,null,null,null,null,null,null,null,null,null,null,null,null,null,null,null,null,null,null,null,null,null,null,null,null,null,null,null,null,null],"items_purchased":["Akabeko","Meat on the Bone","Feel No Pain","Reaper","Finesse"],"campfire_rested":1,"item_purchase_floors":[7,22,28,46,54],"current_hp_per_floor":[68,55,44,35,24,49,49,49,49,37,31,31,30,25,25,3,57,55,55,34,34,34,15,37,41,41,44,44,48,48,43,43,44,67,71,73,73,78,78,78,64,64,64,63,69,69,79,109,109,136,144,144,144,144,152,127],"gold":67,"neow_bonus":"BOSS_RELIC","is_prod":false,"is_daily":false,"rewards_skipped":[{"floor":29,"relics":[],"potions":["ElixirPotion"]},{"floor":33,"relics":[],"potions":["ElixirPotion"]},{"floor":35,"relics":[],"potions":["FairyPotion"]},{"floor":41,"relics":[],"potions":["Dexterity Potion"]},{"floor":44,"relics":[],"potions":["Explosive Potion"]},{"floor":45,"relics":[],"potions":["Strength Potion"]},{"floor":47,"relics":[],"potions":["Block Potion"]},{"floor":55,"relics":[],"potions":["ColorlessPotion"]}],"chose_seed":false,"campfire_upgraded":8,"win_rate":0,"floor_exit_playtime":[230,323,373,413,418,421,462,470,474,567,605,617,645,680,694,819,843,921,929,947,987,997,1096,1101,1209,1213,1331,1354,1490,1506,1653,1660,1837,1868,1953,2102,2104,2383,2396,2400,2593,2598,2602,2787,3002,3021,3290,3461,3484,3806,4066,4077,4086,4116,4352,4557],"timestamp":1707103931,"blue_key_relic_skipped_log":{"floor":43,"relicID":"Blue Candle"},"path_taken":["M","M","M","M","?","?","$","R","T","E","M","R","M","M","R","BOSS","M","?","?","M","$","E","R","E","T","E","$","M","R","E","R","BOSS","M","M","?","M","?","R","E","R","T","E","M","$","M","M","R","BOSS","BOSS","R","$","E","BOSS"],"build_version":"2022-12-18","purchased_purges":2,"victory":true,"max_hp_per_floor":[75,75,75,75,75,75,75,75,75,75,75,75,75,75,75,75,75,75,75,75,75,75,75,75,75,75,75,75,75,75,75,75,75,75,79,83,83,96,96,96,100,100,100,104,108,108,120,124,124,136,144,144,144,144,152,156],"relic_stats":{"counters":[29,199],"Nilry\u0027s Codex":[5,26,20,75],"Astrolabe":["Entrench","Sentinel","Entrench"],"Omamori":1,"Bag of Preparation":[38],"Juzu Bracelet":0,"Whetstone":["Strike_R","Bash"],"Boot":[23],"White Beast Statue":[0.0,0.0,0.0,0.4,0.0,0.6000000000000001,0.0,0.0,0.0,0.0,0.0,6.279086080000001],"Blood Vial":8,"Dream Catcher":1,"obtain_stats":[{"Lantern":41,"Nilry\u0027s Codex":20,"Astrolabe":0,"Omamori":9,"Bag of Preparation":19,"Juzu Bracelet":27,"Incense Burner":55,"Whetstone":25,"Boot":10,"Burning Blood":0,"Akabeko":7,"White Beast Statue":26,"Blood Vial":44,"SlaversCollar":34,"Dream Catcher":23,"Anchor":31,"Runic Pyramid":17,"Meat on the Bone":22},{"Lantern":21,"Nilry\u0027s Codex":10,"Astrolabe":0,"Omamori":4,"Bag of Preparation":10,"Juzu Bracelet":14,"Incense Burner":28,"Whetstone":13,"Boot":5,"Burning Blood":0,"Akabeko":4,"White Beast Statue":13,"Blood Vial":22,"SlaversCollar":17,"Dream Catcher":12,"Anchor":16,"Runic Pyramid":9,"Meat on the Bone":11},{"Lantern":132,"Nilry\u0027s Codex":54,"Astrolabe":0,"Omamori":19,"Bag of Preparation":54,"Juzu Bracelet":72,"Incense Burner":192,"Whetstone":66,"Boot":24,"Burning Blood":0,"Akabeko":19,"White Beast Statue":66,"Blood Vial":139,"SlaversCollar":96,"Dream Catcher":61,"Anchor":88,"Runic Pyramid":47,"Meat on the Bone":57}],"Meat on the Bone":84},"card_choices":[{"not_picked":["Pummel","Rupture"],"picked":"Fire Breathing","floor":1},{"not_picked":["Dropkick","Sentinel"],"picked":"Spot Weakness","floor":2},{"not_picked":["Clothesline","Headbutt"],"picked":"Burning Pact","floor":3},{"not_picked":["Rage","Second Wind"],"picked":"Anger","floor":4},{"not_picked":["Offering","Wild Strike"],"picked":"Shockwave","floor":10},{"not_picked":["Searing Blow","Anger"],"picked":"Shrug It Off","floor":11},{"not_picked":["Anger","Carnage"],"picked":"Shrug It Off","floor":13},{"not_picked":["Inflame","Heavy Blade"],"picked":"Power Through","floor":14},{"not_picked":["Limit Break","Feed"],"picked":"Immolate","floor":16},{"not_picked":["Headbutt","Shrug It Off"],"picked":"Burning Pact","floor":18},{"not_picked":["Perfected Strike","Warcry"],"picked":"Shockwave","floor":21},{"not_picked":["Iron Wave","Rupture"],"picked":"Armaments+1","floor":23},{"not_picked":["Perfected Strike+1","True Grit"],"picked":"Second Wind","floor":24},{"not_picked":["Sentinel","Whirlwind","Rage"],"picked":"SKIP","floor":25},{"not_picked":["Flex","Perfected Strike","Carnage"],"picked":"SKIP","floor":27},{"not_picked":["Flex","Perfected Strike","Armaments"],"picked":"SKIP","floor":29},{"not_picked":["Fire Breathing","Flex"],"picked":"Dual Wield+1","floor":31},{"not_picked":["Fiend Fire","Reaper"],"picked":"Feed","floor":33},{"not_picked":["Evolve","Hemokinesis"],"picked":"Bloodletting","floor":35},{"not_picked":["Metallicize+1","Hemokinesis","Flame Barrier"],"picked":"SKIP","floor":36},{"not_picked":["Metallicize+1","Hemokinesis","Flame Barrier"],"picked":"SKIP","floor":36},{"not_picked":["Flex","Headbutt","Thunderclap"],"picked":"SKIP","floor":38},{"not_picked":["Havoc+1","Seeing Red"],"picked":"Dark Embrace","floor":41},{"not_picked":["Carnage+1","Combust"],"picked":"Dropkick","floor":44},{"not_picked":["Armaments","Fire Breathing","Battle Trance"],"picked":"SKIP","floor":45},{"not_picked":["Armaments","Fire Breathing","Battle Trance"],"picked":"SKIP","floor":45},{"not_picked":["Battle Trance+1","Armaments","Havoc"],"picked":"SKIP","floor":47},{"not_picked":["Feel No Pain","Anger"],"picked":"Intimidate+1","floor":48},{"not_picked":["Whirlwind","Armaments","Sentinel"],"picked":"SKIP","floor":55}],"player_experience":5860992,"relics_obtained":[{"floor":9,"key":"Omamori"},{"floor":10,"key":"Boot"},{"floor":20,"key":"Nilry\u0027s Codex"},{"floor":23,"key":"Dream Catcher"},{"floor":25,"key":"Whetstone"},{"floor":26,"key":"White Beast Statue"},{"floor":27,"key":"Juzu Bracelet"},{"floor":31,"key":"Anchor"},{"floor":41,"key":"Lantern"},{"floor":44,"key":"Blood Vial"},{"floor":55,"key":"Incense Burner"}],"event_choices":[{"damage_healed":0,"gold_gain":75,"player_choice":"Gather Gold","damage_taken":11,"max_hp_gain":0,"max_hp_loss":0,"event_name":"World of Goop","floor":5,"gold_loss":0},{"damage_healed":25,"gold_gain":0,"player_choice":"Banana","damage_taken":0,"max_hp_gain":0,"max_hp_loss":0,"event_name":"Big Fish","floor":6,"gold_loss":0},{"damage_healed":0,"gold_gain":0,"player_choice":"Opened","damage_taken":0,"relics_obtained":["Bag of Preparation"],"max_hp_gain":0,"max_hp_loss":0,"event_name":"The Mausoleum","floor":19,"gold_loss":0,"cards_obtained":["Writhe"]},{"damage_healed":0,"gold_gain":0,"player_choice":"Obtained Book","damage_taken":21,"max_hp_gain":0,"max_hp_loss":0,"event_name":"Cursed Tome","floor":20,"gold_loss":0},{"damage_healed":0,"gold_gain":0,"player_choice":"Ignored","damage_taken":0,"max_hp_gain":0,"max_hp_loss":0,"event_name":"Tomb of Lord Red Mask","floor":37,"gold_loss":0},{"cards_removed":["Strike_R"],"damage_healed":0,"gold_gain":0,"player_choice":"Offered Basic","damage_taken":0,"max_hp_gain":0,"max_hp_loss":0,"event_name":"Bonfire Elementals","floor":39,"gold_loss":0}],"is_beta":false,"boss_relics":[{"not_picked":["Mark of Pain","Snecko Eye"],"picked":"Runic Pyramid"},{"not_picked":["Pandora\u0027s Box","Calling Bell"],"picked":"SlaversCollar"}],"items_purged_floors":[28,54],"is_endless":false,"potions_floor_spawned":[1,3,4,16,21,27,29,31,33,35,36,38,41,44,45,47,48,55],"ascension_level":20,"potion_discard_per_floor":[[],[],[],[],[],[],[],[],[],[],[],[],[],[],[],[],[],[],[],[],[],[],[],[],[],[],[],[],[],[],["SteroidPotion"],[],[],[],[],[],[],[],[],[],[],[],[],[],[],[],[],["Fire Potion"],[],[],[],[],[],[],[],[],[]]}