{"neow_bonuses_skipped_log":["REMOVE_CARD","TWENTY_PERCENT_HP_BONUS","BOSS_RELIC"],"potions_obtained_entropic_brew":[[],[],[],[],[],[],[],[],[],[],[],[],[],[],[],[],[],[],[],[],[],[],[],[],[],[],[],[],[],[],[],[],[],[],[],[],[],[],[],[],[],[],[],[],[],[],[],[],[],[],[],[],[],[],[],[]],"neow_costs_skipped_log":["NONE","NO_GOLD","NONE"],"gold_per_floor":[210,2,2,2,16,48,48,83,83,93,105,105,115,150,150,226,226,244,45,45,65,91,119,119,452,452,452,467,43,43,43,43,119,119,135,135,135,150,372,403,422,439,439,450,450,482,502,537,537,537,537,537,537,7,35,35],"floor_reached":56,"playtime":3454,"items_purged":["Bite"],"score":2086,"play_id":"e9aec1e3-840d-4459-b54b-e2f87d576da2","local_time":"20240216211103","falling_options_log":["Enlightenment+1","Evolve"],"score_breakdown":["Floors Climbed (56): 280","Enemies Slain (14): 28","Exordium Elites Killed (3): 30","City Elites Killed (2): 40","Beyond Elites Killed (3): 90","Bosses Slain (4): 500","Money Money (1342): 25","Librarian: 25","Champion (1): 25","Overkill: 25","Ascension (20): 1018"],"is_ascension_mode":true,"potions_obtained_alchemize":[[],[],[],[],[],[],[],[],[],[],[],[],[],[],[],[],[],[],[],[],[],[],[],[],[],[],[],[],[],[],[],[],[],[],[],[],[],[],[],[],[],[],[],[],[],[],[],[],[],[],[],[],[],[],[],[]],"campfire_choices":[{"floor":7,"key":"REST"},{"data":"Bludgeon","floor":12,"key":"SMITH"},{"data":"Inflame","floor":15,"key":"SMITH"},{"data":"Apotheosis","floor":27,"key":"SMITH"},{"data":"Deep Breath","floor":30,"key":"SMITH"},{"data":"Havoc","floor":32,"key":"SMITH"},{"floor":49,"key":"RECALL"},{"floor":53,"key":"REST"}],"lesson_learned_per_floor":[[],[],[],[],[],[],[],[],[],[],[],[],[],[],[],[],[],[],[],[],[],[],[],[],[],[],[],[],[],[],[],[],[],[],[],[],[],[],[],[],[],[],[],[],[],[],[],[],[],[],[],[],[],[],[],[]],"neow_cost":"NONE","improvable_cards":{},"seed_source_timestamp":20372128809655,"shop_contents":[{"floor":2,"relics":["Shuriken","Toolbox"],"cards":["Perfected Strike","Clothesline","Havoc","Impervious","Discovery","Secret Weapon"],"potions":["FearPotion","SkillPotion","FearPotion"]},{"floor":19,"relics":["Magic Flower","Pen Nib","Brimstone"],"cards":["Heavy Blade","Twin Strike","Shrug It Off","Flex","Metallicize","Discovery"],"potions":["GamblersBrew","HeartOfIron","SneckoOil"]},{"floor":29,"relics":["Dream Catcher","Meat on the Bone","OrangePellets"],"cards":["Sever Soul","Body Slam","Armaments","Spot Weakness"],"potions":["SkillPotion","SteroidPotion","SpeedPotion"]},{"floor":54,"relics":["Akabeko","Red Skull","HornCleat"],"cards":["Headbutt","Sword Boomerang","Armaments+1","Flex+1","Inflame","Deep Breath+1","Secret Weapon+1"],"potions":["Dexterity Potion","Dexterity Potion","EssenceOfSteel"]}],"circlet_count":0,"master_deck":["AscendersBane","Defend_R","Defend_R","Defend_R","Defend_R","Shockwave","Inflame+1","Headbutt","Bludgeon+1","Shockwave","Burning Pact","Shockwave","Havoc+1","Impervious","Apotheosis+1","Bite","Bite","Bite","Anger","Power Through","Burning Pact","Evolve","Master of Strategy","Deep Breath+1","Offering+1","Enlightenment+1","Secret Weapon+1","Flex+1","Warcry+1","Disarm+1","Feed","Warcry+1","Dark Embrace+1","Flame Barrier+1","Heavy Blade"],"potion_use_per_floor":[[],[],[],[],[],[],[],[],[],[],[],[],[],[],[],["Strength Potion","AttackPotion"],[],[],[],[],[],[],[],[],[],[],[],[],[],[],[],[],["DuplicationPotion"],[],[],[],[],[],[],[],[],[],[],[],[],[],[],[],[],[],[],[],[],[],[],[]],"relics":["Burning Blood","PreservedInsect","InkBottle","Pantograph","Boot","Sozu","Red Mask","Kunai","Old Coin","Letter Opener","Toxic Egg 2","Fusion Hammer","The Courier","Regal Pillow","Mercury Hourglass","Lee\u0027s Waffle","Oddly Smooth Stone","Lantern","Strawberry","Anchor"],"potions_floor_usage":[16,16,33],"damage_taken":[{"damage":14,"enemies":"2 Louse","floor":1,"turns":4},{"damage":8,"enemies":"Jaw Worm","floor":5,"turns":5},{"damage":61,"enemies":"3 Sentries","floor":6,"turns":10},{"damage":15,"enemies":"Lagavulin","floor":8,"turns":6},{"damage":0,"enemies":"Cultist","floor":10,"turns":2},{"damage":11,"enemies":"Red Slaver","floor":11,"turns":3},{"damage":8,"enemies":"Blue Slaver","floor":13,"turns":3},{"damage":20,"enemies":"3 Sentries","floor":14,"turns":5},{"damage":35,"enemies":"Hexaghost","floor":16,"turns":9},{"damage":22,"enemies":"Chosen","floor":18,"turns":4},{"damage":27,"enemies":"2 Thieves","floor":21,"turns":5},{"damage":12,"enemies":"Masked Bandits","floor":22,"turns":4},{"damage":18,"enemies":"Gremlin Leader","floor":23,"turns":5},{"damage":25,"enemies":"Book of Stabbing","floor":25,"turns":3},{"damage":10,"enemies":"Chosen and Byrds","floor":28,"turns":6},{"damage":58,"enemies":"Collector","floor":33,"turns":11},{"damage":6,"enemies":"3 Shapes","floor":35,"turns":4},{"damage":6,"enemies":"3 Darklings","floor":38,"turns":3},{"damage":6,"enemies":"Giant Head","floor":40,"turns":4},{"damage":6,"enemies":"Jaw Worm Horde","floor":41,"turns":4},{"damage":7,"enemies":"Sphere and 2 Shapes","floor":42,"turns":5},{"damage":6,"enemies":"Transient","floor":44,"turns":6},{"damage":22,"enemies":"Nemesis","floor":46,"turns":3},{"damage":6,"enemies":"Jaw Worm Horde","floor":47,"turns":3},{"damage":12,"enemies":"Reptomancer","floor":48,"turns":5},{"damage":15,"enemies":"Awakened One","floor":50,"turns":13},{"damage":44,"enemies":"Time Eater","floor":51,"turns":10},{"damage":10,"enemies":"Shield and Spear","floor":55,"turns":3},{"damage":112,"enemies":"The Heart","floor":56,"turns":8}],"green_key_taken_log":6,"seed_played":"3931989935983387468","neow_bonus_log":{"cardsObtained":[],"cardsUpgraded":[],"cardsRemoved":[],"cardsTransformed":[],"relicsObtained":[],"maxHpGained":0,"goldGained":100,"damageTaken":0,"goldLost":0,"maxHpLost":0},"potions_obtained":[{"floor":1,"key":"LiquidBronze"},{"floor":10,"key":"Strength Potion"},{"floor":13,"key":"AttackPotion"},{"floor":16,"key":"DuplicationPotion"}],"is_trial":false,"path_per_floor":["M","$","?","?","M","E","R","E","T","M","M","R","M","E","R","B",null,"M","$","?","M","?","E","?","E","T","R","M","$","R","T","R","B",null,"M","?","?","M","?","E","M","M","T","M","?","E","M","E","R","B","B",null,"R","$","E","B"],"character_chosen":"IRONCLAD","basemod:card_modifiers":[null,null,null,null,null,null,null,null,null,null,null,null,null,null,null,null,null,null,null,null,null,null,null,null,null,null,null,null,null,null,null,null,null,null,null],"items_purchased":["PreservedInsect","Inflame","Apotheosis","Evolve","Master of Strategy","Deep Breath","Lee\u0027s Waffle","Oddly Smooth Stone","Lantern","Strawberry","Heavy Blade"],"campfire_rested":2,"item_purchase_floors":[2,2,19,29,29,29,54,54,54,54,54],"current_hp_per_floor":[60,60,60,75,73,18,40,31,31,37,32,32,30,16,16,12,59,43,43,43,34,36,39,39,28,28,28,38,38,38,38,38,12,42,52,42,42,52,52,52,52,56,56,56,56,47,56,68,68,72,41,67,76,90,94,0],"gold":35,"neow_bonus":"HUNDRED_GOLD","is_prod":false,"is_daily":false,"rewards_skipped":[{"floor":6,"relics":["Bottled Flame"],"potions":[]},{"floor":14,"relics":[],"potions":["Block Potion"]},{"floor":18,"relics":[],"potions":["DistilledChaos"]},{"floor":23,"relics":[],"potions":["BloodPotion"]},{"floor":28,"relics":[],"potions":["SkillPotion"]},{"floor":38,"relics":[],"potions":["Regen Potion"]},{"floor":41,"relics":[],"potions":["Energy Potion"]},{"floor":44,"relics":[],"potions":["Swift Potion"]},{"floor":48,"relics":[],"potions":["SmokeBomb"]}],"chose_seed":false,"campfire_upgraded":5,"win_rate":0,"floor_exit_playtime":[45,51,58,74,103,201,205,258,261,273,303,309,335,394,399,520,559,600,614,623,687,749,839,855,898,903,912,982,1029,1037,1042,1048,1223,1250,1318,1353,1363,1455,1458,1548,1655,1786,1789,1916,1933,2023,2122,2290,2293,2586,2827,2838,2842,2917,3056],"timestamp":1708135863,"blue_key_relic_skipped_log":{"floor":43,"relicID":"White Beast Statue"},"path_taken":["M","$","?","?","M","E","R","E","T","M","M","R","M","E","R","BOSS","M","$","?","?","?","E","?","E","T","R","M","$","R","?","R","BOSS","M","?","?","M","?","E","M","M","T","M","?","E","?","E","R","BOSS","BOSS","R","$","E","BOSS"],"build_version":"2022-12-18","purchased_purges":1,"victory":false,"max_hp_per_floor":[75,75,75,75,75,75,75,75,75,75,75,75,75,75,75,75,75,75,75,52,52,52,52,52,52,52,52,52,52,52,52,52,52,52,52,52,52,52,52,52,52,56,56,56,56,60,64,68,68,72,76,76,76,90,94,94],"relic_stats":{"Regal Pillow":0,"Lee\u0027s Waffle":7,"counters":[29,156],"PreservedInsect":500,"The Courier":133,"Letter Opener":[565],"Boot":[13],"Burning Blood":145,"Mercury Hourglass":[102],"Sozu":7,"Pantograph":39,"Kunai":[27],"obtain_stats":[{"Regal Pillow":46,"Lee\u0027s Waffle":54,"Lantern":54,"Oddly Smooth Stone":54,"PreservedInsect":2,"The Courier":40,"Letter Opener":26,"Boot":14,"Burning Blood":0,"Old Coin":25,"Mercury Hourglass":48,"Sozu":17,"Anchor":55,"Pantograph":9,"Strawberry":54,"Fusion Hammer":34,"Red Mask":22,"Kunai":23,"Toxic Egg 2":31,"InkBottle":8},{"Regal Pillow":23,"Lee\u0027s Waffle":27,"Lantern":27,"Oddly Smooth Stone":27,"PreservedInsect":1,"The Courier":19,"Letter Opener":14,"Boot":8,"Burning Blood":0,"Old Coin":14,"Mercury Hourglass":25,"Sozu":9,"Anchor":28,"Pantograph":4,"Strawberry":27,"Fusion Hammer":16,"Red Mask":12,"Kunai":13,"Toxic Egg 2":15,"InkBottle":4},{"Regal Pillow":114,"Lee\u0027s Waffle":145,"Lantern":145,"Oddly Smooth Stone":145,"PreservedInsect":4,"The Courier":96,"Letter Opener":68,"Boot":38,"Burning Blood":0,"Old Coin":68,"Mercury Hourglass":122,"Sozu":47,"Anchor":148,"Pantograph":25,"Strawberry":145,"Fusion Hammer":85,"Red Mask":60,"Kunai":65,"Toxic Egg 2":74,"InkBottle":25}],"InkBottle":[62]},"card_choices":[{"not_picked":["Twin Strike","Second Wind"],"picked":"Shockwave","floor":1},{"not_picked":["Twin Strike","Clash"],"picked":"Headbutt","floor":5},{"not_picked":["Dual Wield","Perfected Strike"],"picked":"Bludgeon","floor":6},{"not_picked":["Headbutt","Rampage"],"picked":"Shockwave","floor":8},{"not_picked":["Twin Strike","Carnage"],"picked":"Burning Pact","floor":10},{"not_picked":["Body Slam","Rage"],"picked":"Shockwave","floor":11},{"not_picked":["Heavy Blade","Entrench"],"picked":"Havoc","floor":13},{"not_picked":["Clothesline","Perfected Strike","Body Slam"],"picked":"SKIP","floor":14},{"not_picked":["Double Tap","Immolate"],"picked":"Impervious","floor":16},{"not_picked":["True Grit","Ghostly Armor","Intimidate"],"picked":"SKIP","floor":18},{"not_picked":["Havoc","Perfected Strike+1"],"picked":"Anger","floor":21},{"not_picked":["Reckless Charge","Dual Wield+1"],"picked":"Power Through","floor":22},{"not_picked":["Seeing Red","Wild Strike"],"picked":"Burning Pact","floor":25},{"not_picked":["Sentinel","Juggernaut","Heavy Blade"],"picked":"SKIP","floor":28},{"not_picked":["Exhume+1","Barricade"],"picked":"Offering+1","floor":33},{"not_picked":["Evolve+1","Clothesline","Wild Strike+1"],"picked":"SKIP","floor":35},{"not_picked":["Trip+1","Blind+1"],"picked":"Enlightenment+1","floor":36},{"not_picked":["Panache","Transmutation+1"],"picked":"Secret Weapon+1","floor":36},{"not_picked":["Trip+1","Magnetism","The Bomb+1"],"picked":"SKIP","floor":36},{"not_picked":["Whirlwind","Fire Breathing"],"picked":"Warcry+1","floor":38},{"not_picked":["Sword Boomerang+1","Iron Wave"],"picked":"Disarm+1","floor":40},{"not_picked":["Wild Strike","Perfected Strike"],"picked":"Feed","floor":41},{"not_picked":["Warcry+1","Heavy Blade+1","Thunderclap"],"picked":"SKIP","floor":42},{"not_picked":["Heavy Blade+1","Thunderclap"],"picked":"Warcry+1","floor":42},{"not_picked":["Sever Soul","Perfected Strike"],"picked":"Dark Embrace+1","floor":44},{"not_picked":["Perfected Strike","Inflame","Reckless Charge"],"picked":"SKIP","floor":46},{"not_picked":["Dark Embrace","Hemokinesis"],"picked":"Flame Barrier+1","floor":47},{"not_picked":["Pummel","Armaments+1","Hemokinesis"],"picked":"SKIP","floor":48}],"player_experience":6126742,"relics_obtained":[{"floor":8,"key":"InkBottle"},{"floor":9,"key":"Pantograph"},{"floor":14,"key":"Boot"},{"floor":22,"key":"Red Mask"},{"floor":23,"key":"Kunai"},{"floor":25,"key":"Old Coin"},{"floor":26,"key":"Letter Opener"},{"floor":31,"key":"Toxic Egg 2"},{"floor":40,"key":"The Courier"},{"floor":46,"key":"Regal Pillow"},{"floor":48,"key":"Mercury Hourglass"},{"floor":55,"key":"Anchor"}],"event_choices":[{"damage_healed":0,"gold_gain":0,"player_choice":"Fled","damage_taken":0,"max_hp_gain":0,"max_hp_loss":0,"event_name":"Scrap Ooze","floor":3,"gold_loss":0},{"damage_healed":25,"gold_gain":0,"player_choice":"Banana","damage_taken":0,"max_hp_gain":0,"max_hp_loss":0,"event_name":"Big Fish","floor":4,"gold_loss":0},{"damage_healed":0,"gold_gain":0,"player_choice":"Became a vampire","damage_taken":0,"max_hp_gain":0,"max_hp_loss":23,"event_name":"Vampires","floor":20,"gold_loss":0,"cards_obtained":["Bite","Bite","Bite","Bite","Bite"]},{"damage_healed":0,"gold_gain":0,"player_choice":"Fought Bandits","damage_taken":0,"max_hp_gain":0,"max_hp_loss":0,"event_name":"Masked Bandits","floor":22,"gold_loss":0},{"damage_healed":0,"gold_gain":0,"player_choice":"0 cards matched","damage_taken":0,"max_hp_gain":0,"max_hp_loss":0,"event_name":"Match and Keep!","floor":24,"gold_loss":0,"cards_obtained":[]},{"damage_healed":0,"gold_gain":0,"player_choice":"Memory 3","damage_taken":10,"max_hp_gain":0,"max_hp_loss":0,"event_name":"SensoryStone","floor":36,"gold_loss":0},{"damage_healed":0,"gold_gain":0,"cards_transformed":["Bash"],"player_choice":"Transformed","damage_taken":0,"max_hp_gain":0,"max_hp_loss":0,"event_name":"Transmorgrifier","floor":37,"gold_loss":0,"cards_obtained":["Flex"]},{"damage_healed":0,"gold_gain":222,"player_choice":"Wore Mask","damage_taken":0,"max_hp_gain":0,"max_hp_loss":0,"event_name":"Tomb of Lord Red Mask","floor":39,"gold_loss":0},{"cards_removed":["Bite"],"damage_healed":0,"gold_gain":0,"player_choice":"Removed Attack","damage_taken":0,"max_hp_gain":0,"max_hp_loss":0,"event_name":"Falling","floor":45,"gold_loss":0}],"is_beta":false,"boss_relics":[{"not_picked":["Tiny House","SacredBark"],"picked":"Sozu"},{"not_picked":["Busted Crown","Coffee Dripper"],"picked":"Fusion Hammer"}],"items_purged_floors":[29],"is_endless":false,"potions_floor_spawned":[1,10,13,14,16,18,23,28,38,41,44,48],"killed_by":"The Heart","ascension_level":20,"potion_discard_per_floor":[[],[],[],[],[],[],[],[],[],[],[],[],["LiquidBronze"],[],[],[],[],[],[],[],[],[],[],[],[],[],[],[],[],[],[],[],[],[],[],[],[],[],[],[],[],[],[],[],[],[],[],[],[],[],[],[],[],[],[],[]]}