{"neow_bonuses_skipped_log":["REMOVE_CARD","HUNDRED_GOLD","RANDOM_COLORLESS_2"],"potions_obtained_entropic_brew":[[],[],[],[],[],[],[],[],[],[],[],[],[],[],[],[],[],[],[],[],[],[],[],[],[],[],[],[],[],[],[],[],[],[],[],[],[],[],[],[],[],[],[],[],[],[],[],[],[],[],[],[],[],[],[],["PowerPotion","FearPotion"]],"neow_costs_skipped_log":["NONE","NONE","PERCENT_DAMAGE"],"gold_per_floor":[110,125,142,152,117,150,75,75,75,75,103,114,114,147,147,224,224,235,235,235,150,73,108,108,136,136,170,189,189,58,76,76,152,152,168,168,168,186,186,186,214,61,61,95,95,108,128,128,128,128,128,128,128,45,75,75],"floor_reached":56,"playtime":1946,"items_purged":["Strike_R+1","Strike_R+1"],"score":2008,"play_id":"299cba5a-a27d-40f9-96dd-9ee1292d7bea","local_time":"20240217191918","falling_options_log":["Spot Weakness+1","Demon Form+1"],"score_breakdown":["Floors Climbed (56): 280","Enemies Slain (12): 24","Exordium Elites Killed (3): 30","City Elites Killed (3): 60","Beyond Elites Killed (2): 60","Bosses Slain (4): 500","Champion (2): 50","Ascension (20): 1004"],"is_ascension_mode":true,"potions_obtained_alchemize":[[],[],[],[],[],[],[],[],[],[],[],[],[],[],[],[],[],[],[],[],[],[],[],[],[],[],[],[],[],[],[],[],[],[],[],[],[],[],[],[],[],[],[],[],[],[],[],[],[],[],[],[],[],[],[],[]],"campfire_choices":[{"data":"Carnage","floor":8,"key":"SMITH"},{"data":"Armaments","floor":10,"key":"SMITH"},{"data":"Uppercut","floor":15,"key":"SMITH"},{"data":"Inflame","floor":24,"key":"SMITH"},{"data":"Battle Trance","floor":29,"key":"SMITH"},{"data":"Spot Weakness","floor":32,"key":"SMITH"},{"floor":40,"key":"RECALL"},{"data":"Clothesline","floor":45,"key":"SMITH"},{"data":"Pommel Strike","floor":49,"key":"SMITH"},{"data":"Impervious","floor":53,"key":"SMITH"}],"lesson_learned_per_floor":[[],[],[],[],[],[],[],[],[],[],[],[],[],[],[],[],[],[],[],[],[],[],[],[],[],[],[],[],[],[],[],[],[],[],[],[],[],[],[],[],[],[],[],[],[],[],[],[],[],[],[],[],[],[],[],[]],"neow_cost":"NONE","improvable_cards":{},"seed_source_timestamp":25093896916154,"shop_contents":[{"floor":7,"relics":["Mummified Hand","Darkstone Periapt","PrismaticShard"],"cards":["Perfected Strike","Havoc","Warcry","Inflame","Jack Of All Trades","Panache"],"potions":["BlessingOfTheForge","SteroidPotion","BlessingOfTheForge"]},{"floor":22,"relics":["Ornamental Fan","Sundial","Brimstone"],"cards":["Sever Soul","Dropkick","Limit Break","Inflame","Panacea","Chrysalis"],"potions":["Regen Potion","Regen Potion","LiquidMemories"]},{"floor":30,"relics":["Kunai","StrikeDummy","Sling"],"cards":["Heavy Blade","Wild Strike","Dual Wield","Fire Breathing+1","Jack Of All Trades","Secret Technique"],"potions":["BlessingOfTheForge","AttackPotion","Fire Potion"]},{"floor":42,"relics":["Bottled Lightning","Juzu Bracelet","Strange Spoon"],"cards":["Cleave","Warcry","Infernal Blade","Combust+1","Impatience","Mayhem+1"],"potions":["Explosive Potion","SkillPotion","Swift Potion"]},{"floor":54,"relics":["Ice Cream","Mango","Toolbox"],"cards":["Reckless Charge","Iron Wave","Warcry","True Grit","PanicButton","Panache+1"],"potions":["AttackPotion","ColorlessPotion","SkillPotion"]}],"circlet_count":0,"master_deck":["AscendersBane","Defend_R+1","Defend_R+1","Defend_R+1","Defend_R+1","Bash","Armaments+1","Metallicize","Twin Strike","Spot Weakness+1","Carnage+1","Hemokinesis","Uppercut+1","Immolate","Inflame+1","Necronomicurse","Battle Trance+1","Ghostly Armor+1","Impervious+1","Shrug It Off","Demon Form+1","Clothesline+1","Pommel Strike+1","Barricade+1"],"potion_use_per_floor":[[],[],[],[],[],[],[],[],[],[],[],[],[],["BloodPotion"],[],[],[],[],[],[],[],[],["BloodPotion"],[],[],[],[],[],[],[],[],[],[],[],[],[],[],[],[],[],[],[],[],[],[],[],[],[],[],[],[],[],[],[],[],["PowerPotion","EntropicBrew","PowerPotion"]],"relics":["Busted Crown","Orichalcum","Mercury Hourglass","TungstenRod","Pantograph","Coffee Dripper","Necronomicon","StoneCalendar","Eternal Feather","Self Forming Clay","Incense Burner","Frozen Egg 2","SacredBark","FossilizedHelix","Anchor","Letter Opener"],"potions_floor_usage":[14,23,56,56,56],"damage_taken":[{"damage":7,"enemies":"Jaw Worm","floor":1,"turns":3},{"damage":0,"enemies":"Cultist","floor":2,"turns":3},{"damage":0,"enemies":"2 Louse","floor":3,"turns":2},{"damage":6,"enemies":"2 Fungi Beasts","floor":4,"turns":4},{"damage":38,"enemies":"Lagavulin","floor":6,"turns":9},{"damage":4,"enemies":"Gremlin Nob","floor":11,"turns":3},{"damage":0,"enemies":"Blue Slaver","floor":12,"turns":2},{"damage":4,"enemies":"3 Sentries","floor":14,"turns":4},{"damage":16,"enemies":"Slime Boss","floor":16,"turns":8},{"damage":1,"enemies":"Spheric Guardian","floor":18,"turns":2},{"damage":0,"enemies":"Gremlin Leader","floor":23,"turns":4},{"damage":2,"enemies":"Book of Stabbing","floor":25,"turns":3},{"damage":6,"enemies":"Gremlin Leader","floor":27,"turns":4},{"damage":0,"enemies":"2 Thieves","floor":28,"turns":5},{"damage":1,"enemies":"Shelled Parasite and Fungi","floor":31,"turns":7},{"damage":2,"enemies":"Champ","floor":33,"turns":6},{"damage":4,"enemies":"Orb Walker","floor":35,"turns":3},{"damage":13,"enemies":"3 Shapes","floor":38,"turns":7},{"damage":10,"enemies":"Reptomancer","floor":41,"turns":5},{"damage":0,"enemies":"Nemesis","floor":44,"turns":5},{"damage":0,"enemies":"Sphere and 2 Shapes","floor":46,"turns":4},{"damage":0,"enemies":"Writhing Mass","floor":47,"turns":6},{"damage":35,"enemies":"Awakened One","floor":50,"turns":9},{"damage":28,"enemies":"Time Eater","floor":51,"turns":9},{"damage":62,"enemies":"Shield and Spear","floor":55,"turns":7},{"damage":36,"enemies":"The Heart","floor":56,"turns":11}],"green_key_taken_log":41,"seed_played":"7859503233045999934","neow_bonus_log":{"cardsObtained":[],"cardsUpgraded":[],"cardsRemoved":[],"cardsTransformed":[],"relicsObtained":["Busted Crown"],"maxHpGained":0,"goldGained":0,"damageTaken":0,"goldLost":0,"maxHpLost":0},"potions_obtained":[{"floor":3,"key":"BlessingOfTheForge"},{"floor":6,"key":"EssenceOfSteel"},{"floor":12,"key":"BloodPotion"},{"floor":14,"key":"SteroidPotion"},{"floor":16,"key":"BloodPotion"},{"floor":23,"key":"EntropicBrew"},{"floor":31,"key":"PowerPotion"}],"is_trial":false,"path_per_floor":["M","M","M","M","?","E","$","R","T","R","E","M","?","E","R","B",null,"M","?","?","?","$","E","R","E","T","E","M","R","$","M","R","B",null,"M","?","?","M","?","R","E","$","T","E","R","M","M","?","R","B","B",null,"R","$","E","B"],"character_chosen":"IRONCLAD","basemod:card_modifiers":[null,null,null,null,null,null,null,null,null,null,null,null,null,null,null,null,null,null,null,null,null,null,null,null],"items_purchased":["Carnage","Battle Trance","Shrug It Off","Clothesline","Barricade+1"],"campfire_rested":0,"item_purchase_floors":[7,22,30,42,54],"current_hp_per_floor":[61,61,61,55,73,35,35,35,35,35,31,31,31,42,42,51,69,68,51,51,51,51,66,75,73,73,67,67,75,75,74,75,73,75,71,71,71,58,58,70,60,60,60,60,71,71,71,71,71,36,33,62,71,71,9,0],"gold":75,"neow_bonus":"BOSS_RELIC","is_prod":false,"is_daily":false,"rewards_skipped":[{"floor":35,"relics":[],"potions":["Dexterity Potion"]},{"floor":41,"relics":[],"potions":["DistilledChaos"]}],"chose_seed":false,"campfire_upgraded":9,"win_rate":0,"floor_exit_playtime":[108,129,151,184,193,251,271,277,281,288,316,333,337,378,382,455,485,503,514,518,526,539,600,607,646,649,704,742,748,765,831,838,907,940,985,994,996,1049,1055,1062,1124,1146,1148,1194,1200,1239,1302,1308,1341,1451,1548,1562,1570,1594,1737],"timestamp":1708215558,"blue_key_relic_skipped_log":{"floor":43,"relicID":"Toxic Egg 2"},"path_taken":["M","M","M","M","?","E","$","R","T","R","E","M","?","E","R","BOSS","M","?","?","?","$","E","R","E","T","E","M","R","?","M","R","BOSS","M","?","?","?","?","R","E","$","T","E","R","M","M","?","R","BOSS","BOSS","R","$","E","BOSS"],"build_version":"2022-12-18","purchased_purges":2,"victory":false,"max_hp_per_floor":[75,75,75,75,75,75,75,75,75,75,75,75,75,75,75,75,75,75,75,75,75,75,75,75,75,75,75,75,75,75,75,75,75,75,75,71,71,71,71,71,71,71,71,71,71,71,71,71,71,71,71,71,71,71,71,71],"relic_stats":{"counters":[26,134],"Self Forming Clay":[123],"StoneCalendar":[182],"Eternal Feather":50,"Letter Opener":[25],"Orichalcum":[204],"Mercury Hourglass":[419],"Busted Crown":46,"Pantograph":75,"Necronomicon":[57],"obtain_stats":[{"Self Forming Clay":25,"SacredBark":34,"StoneCalendar":21,"Eternal Feather":23,"Incense Burner":26,"Letter Opener":55,"Orichalcum":6,"Frozen Egg 2":27,"Burning Blood":0,"Mercury Hourglass":9,"Anchor":44,"Busted Crown":0,"Pantograph":14,"Coffee Dripper":17,"Necronomicon":19,"TungstenRod":11,"FossilizedHelix":41},{"Self Forming Clay":12,"SacredBark":16,"StoneCalendar":10,"Eternal Feather":11,"Incense Burner":12,"Letter Opener":25,"Orichalcum":5,"Frozen Egg 2":13,"Burning Blood":0,"Mercury Hourglass":5,"Anchor":20,"Busted Crown":0,"Pantograph":8,"Coffee Dripper":9,"Necronomicon":10,"TungstenRod":6,"FossilizedHelix":19},{"Self Forming Clay":46,"SacredBark":68,"StoneCalendar":39,"Eternal Feather":43,"Incense Burner":46,"Letter Opener":123,"Orichalcum":21,"Frozen Egg 2":50,"Burning Blood":0,"Mercury Hourglass":21,"Anchor":88,"Busted Crown":0,"Pantograph":30,"Coffee Dripper":37,"Necronomicon":39,"TungstenRod":24,"FossilizedHelix":83}],"TungstenRod":65,"FossilizedHelix":[150]},"card_choices":[{"not_picked":[],"picked":"Armaments","floor":1},{"not_picked":[],"picked":"Metallicize","floor":2},{"not_picked":[],"picked":"Twin Strike","floor":3},{"not_picked":["Rupture"],"picked":"SKIP","floor":4},{"not_picked":[],"picked":"Spot Weakness","floor":6},{"not_picked":["Cleave"],"picked":"SKIP","floor":11},{"not_picked":["Iron Wave"],"picked":"SKIP","floor":12},{"not_picked":[],"picked":"Uppercut","floor":14},{"not_picked":[],"picked":"Immolate","floor":16},{"not_picked":[],"picked":"Inflame","floor":18},{"not_picked":[],"picked":"Ghostly Armor+1","floor":23},{"not_picked":[],"picked":"Impervious","floor":27},{"not_picked":["Clash"],"picked":"SKIP","floor":28},{"not_picked":["Body Slam"],"picked":"SKIP","floor":31},{"not_picked":[],"picked":"Demon Form+1","floor":33},{"not_picked":["Clash+1"],"picked":"SKIP","floor":35},{"not_picked":["Flex"],"picked":"SKIP","floor":38},{"not_picked":["Sentinel"],"picked":"SKIP","floor":41},{"not_picked":["Sever Soul"],"picked":"SKIP","floor":44},{"not_picked":["Ghostly Armor"],"picked":"SKIP","floor":46},{"not_picked":["Hemokinesis"],"picked":"SKIP","floor":47},{"not_picked":["Pommel Strike"],"picked":"SKIP","floor":55}],"player_experience":6158026,"relics_obtained":[{"floor":6,"key":"Orichalcum"},{"floor":9,"key":"Mercury Hourglass"},{"floor":11,"key":"TungstenRod"},{"floor":14,"key":"Pantograph"},{"floor":19,"key":"Necronomicon"},{"floor":23,"key":"Eternal Feather"},{"floor":25,"key":"Self Forming Clay"},{"floor":26,"key":"Incense Burner"},{"floor":27,"key":"Frozen Egg 2"},{"floor":41,"key":"FossilizedHelix"},{"floor":44,"key":"Anchor"},{"floor":55,"key":"Letter Opener"}],"event_choices":[{"damage_healed":18,"gold_gain":0,"player_choice":"Healed","damage_taken":0,"max_hp_gain":0,"max_hp_loss":0,"event_name":"The Cleric","floor":5,"gold_loss":35},{"damage_healed":0,"gold_gain":0,"cards_transformed":["Strike_R"],"player_choice":"Transformed","damage_taken":0,"max_hp_gain":0,"max_hp_loss":0,"event_name":"Transmorgrifier","floor":13,"gold_loss":0,"cards_obtained":["Hemokinesis"]},{"damage_healed":0,"gold_gain":0,"player_choice":"Obtained Book","damage_taken":21,"max_hp_gain":0,"max_hp_loss":0,"event_name":"Cursed Tome","floor":19,"gold_loss":0},{"damage_healed":0,"gold_gain":0,"player_choice":"Simplicity","damage_taken":0,"max_hp_gain":0,"max_hp_loss":0,"event_name":"Back to Basics","floor":20,"gold_loss":0,"cards_upgraded":["Strike_R","Strike_R","Strike_R","Strike_R","Defend_R","Defend_R","Defend_R","Defend_R"]},{"damage_healed":0,"gold_gain":0,"player_choice":"Obtained Relic","damage_taken":0,"relics_obtained":["StoneCalendar"],"max_hp_gain":0,"max_hp_loss":0,"event_name":"Addict","floor":21,"gold_loss":85},{"damage_healed":0,"gold_gain":0,"player_choice":"Max HP","damage_taken":0,"max_hp_gain":0,"max_hp_loss":4,"event_name":"Winding Halls","floor":36,"gold_loss":0},{"damage_healed":0,"gold_gain":0,"player_choice":"Ignored","damage_taken":0,"max_hp_gain":0,"max_hp_loss":0,"event_name":"Tomb of Lord Red Mask","floor":37,"gold_loss":0},{"cards_removed":["Strike_R"],"damage_healed":0,"gold_gain":0,"player_choice":"Removed Attack","damage_taken":0,"max_hp_gain":0,"max_hp_loss":0,"event_name":"Falling","floor":39,"gold_loss":0},{"damage_healed":0,"gold_gain":0,"cards_transformed":["Strike_R"],"player_choice":"Transformed","damage_taken":0,"max_hp_gain":0,"max_hp_loss":0,"event_name":"Transmorgrifier","floor":48,"gold_loss":0,"cards_obtained":["Pommel Strike"]}],"is_beta":false,"boss_relics":[{"not_picked":["Tiny House","Empty Cage"],"picked":"Coffee Dripper"},{"not_picked":["Runic Dome","Astrolabe"],"picked":"SacredBark"}],"items_purged_floors":[30,42],"is_endless":false,"potions_floor_spawned":[3,6,12,14,16,23,31,35,41],"killed_by":"The Heart","ascension_level":20,"potion_discard_per_floor":[[],[],[],[],[],[],[],[],[],[],[],["BlessingOfTheForge"],[],[],[],["EssenceOfSteel"],[],[],[],[],[],[],[],[],[],[],[],[],[],[],["SteroidPotion"],[],[],[],[],[],[],[],[],[],[],[],[],[],[],[],[],[],[],[],[],[],[],[],[],[]]}