{"neow_bonuses_skipped_log":["TRANSFORM_CARD","THREE_SMALL_POTIONS","BOSS_RELIC"],"neow_costs_skipped_log":["NONE","NONE","NONE"],"potions_obtained_entropic_brew":[[],[],[],[],[],[],[],[],[],[],[],[],[],[],[],[],[],[],[],[],[],[],[],[],[]],"gold_per_floor":[361,371,382,382,53,81,81,4,4,23,38,65,81,114,114,187,187,207,132,57,77,77,104,104,104],"floor_reached":25,"playtime":1425,"items_purged":["Strike_R"],"score":482,"play_id":"92762ac2-7bcc-40d2-a1ed-c51deb1391ee","local_time":"20240224202348","score_breakdown":["Floors Climbed (25): 125","Enemies Slain (8): 16","Exordium Elites Killed (3): 30","City Elites Killed (1): 20","Bosses Slain (1): 50","Ascension (20): 241"],"is_ascension_mode":true,"potions_obtained_alchemize":[[],[],[],[],[],[],[],[],[],[],[],[],[],[],[],[],[],[],[],[],[],[],[],[],[]],"campfire_choices":[{"floor":7,"key":"REST"},{"data":"Pommel Strike","floor":15,"key":"SMITH"},{"data":"Pommel Strike","floor":24,"key":"SMITH"}],"lesson_learned_per_floor":[[],[],[],[],[],[],[],[],[],[],[],[],[],[],[],[],[],[],[],[],[],[],[],[],[]],"neow_cost":"PERCENT_DAMAGE","improvable_cards":{},"seed_source_timestamp":22013673884205,"shop_contents":[{"floor":5,"relics":["Akabeko","Sundial"],"cards":["Wild Strike","Armaments","Havoc","Enlightenment","Magnetism"],"potions":["Strength Potion","Fire Potion"]},{"floor":8,"relics":["Oddly Smooth Stone","Self Forming Clay","Membership Card"],"cards":["Clash","Iron Wave","Second Wind","Warcry","Flash of Steel","Thinking Ahead"],"potions":["Regen Potion","LiquidBronze","Ancient Potion"]},{"floor":19,"relics":["Molten Egg 2","Eternal Feather","TheAbacus"],"cards":["Clash","Body Slam","Seeing Red","Flex","Evolve","Dramatic Entrance","The Bomb"],"potions":["FairyPotion","FearPotion","Fire Potion"]}],"circlet_count":0,"master_deck":["AscendersBane","Strike_R","Strike_R","Strike_R","Defend_R+1","Defend_R+1","Defend_R","Defend_R","Bash+1","Shrug It Off","Burning Pact","Power Through","Inflame","Blood for Blood","Inflame","Evolve","Pommel Strike+1","Pommel Strike+1","Anger","Offering","Uppercut+1","Seeing Red","True Grit+1"],"potion_use_per_floor":[[],[],[],[],[],["SteroidPotion"],[],[],[],[],[],["BlessingOfTheForge"],[],[],[],["BlessingOfTheForge"],[],[],[],[],[],[],["AttackPotion"],[],["Explosive Potion","LiquidBronze"]],"relics":["Burning Blood","ClockworkSouvenir","Anchor","Blue Candle","Singing Bowl","War Paint","Cursed Key","CaptainsWheel"],"potions_floor_usage":[6,12,16,23,25,25],"damage_taken":[{"damage":2,"enemies":"2 Louse","floor":1,"turns":3},{"damage":4,"enemies":"Cultist","floor":2,"turns":4},{"damage":22,"enemies":"Jaw Worm","floor":3,"turns":7},{"damage":23,"enemies":"Lagavulin","floor":6,"turns":9},{"damage":2,"enemies":"3 Louse","floor":10,"turns":6},{"damage":5,"enemies":"Gremlin Gang","floor":11,"turns":7},{"damage":4,"enemies":"3 Sentries","floor":12,"turns":10},{"damage":13,"enemies":"Exordium Wildlife","floor":13,"turns":4},{"damage":28,"enemies":"Gremlin Nob","floor":14,"turns":5},{"damage":18,"enemies":"Slime Boss","floor":16,"turns":8},{"damage":6,"enemies":"Chosen","floor":18,"turns":4},{"damage":7,"enemies":"3 Byrds","floor":21,"turns":6},{"damage":12,"enemies":"Slavers","floor":23,"turns":6},{"damage":63,"enemies":"Gremlin Leader","floor":25,"turns":6}],"green_key_taken_log":23,"seed_played":"2311734630439164099","neow_bonus_log":{"cardsObtained":[],"cardsUpgraded":[],"cardsRemoved":[],"cardsTransformed":[],"relicsObtained":[],"maxHpGained":0,"goldGained":250,"damageTaken":18,"goldLost":0,"maxHpLost":0},"potions_obtained":[{"floor":10,"key":"BlessingOfTheForge"},{"floor":11,"key":"Explosive Potion"},{"floor":12,"key":"BlessingOfTheForge"},{"floor":16,"key":"AttackPotion"},{"floor":23,"key":"LiquidBronze"}],"is_trial":false,"path_per_floor":["M","M","M","?","$","E","R","$","T","M","M","E","M","E","R","B",null,"M","$","?","M","?","E","R","E"],"character_chosen":"IRONCLAD","basemod:card_modifiers":[null,null,null,null,null,null,null,null,null,null,null,null,null,null,null,null,null,null,null,null,null,null,null],"items_purchased":["Inflame","Blood for Blood","ClockworkSouvenir","SteroidPotion","Evolve"],"campfire_rested":1,"item_purchase_floors":[5,5,5,5,8],"current_hp_per_floor":[54,56,40,40,40,23,45,45,45,49,50,54,49,27,27,15,63,63,63,63,62,62,56,56,0],"gold":104,"neow_bonus":"TWO_FIFTY_GOLD","is_prod":false,"is_daily":false,"rewards_skipped":[],"chose_seed":false,"campfire_upgraded":2,"win_rate":0,"floor_exit_playtime":[51,87,131,183,295,391,412,432,435,493,591,737,785,843,872,962,997,1037,1088,1094,1204,1207,1282,1288],"timestamp":1708824228,"path_taken":["M","M","M","?","$","E","R","?","T","M","M","E","M","E","R","BOSS","M","$","?","M","?","E","R","E"],"build_version":"2022-12-18","purchased_purges":1,"victory":false,"max_hp_per_floor":[75,75,75,75,75,75,75,75,75,75,75,77,79,79,79,79,79,79,79,79,79,79,79,79,79],"relic_stats":{"Singing Bowl":4,"counters":[14,85],"Blue Candle":[0],"War Paint":["Defend_R","Defend_R"],"Cursed Key":0,"obtain_stats":[{"Anchor":6,"CaptainsWheel":23,"Singing Bowl":12,"Blue Candle":9,"War Paint":14,"Cursed Key":17,"Burning Blood":0,"ClockworkSouvenir":5},{"Anchor":4,"CaptainsWheel":13,"Singing Bowl":7,"Blue Candle":4,"War Paint":9,"Cursed Key":10,"Burning Blood":0,"ClockworkSouvenir":3},{"Anchor":23,"CaptainsWheel":79,"Singing Bowl":46,"Blue Candle":23,"War Paint":55,"Cursed Key":63,"Burning Blood":0,"ClockworkSouvenir":14}],"Burning Blood":78},"card_choices":[{"not_picked":["Iron Wave","Headbutt"],"picked":"Shrug It Off","floor":1},{"not_picked":["Body Slam","Thunderclap"],"picked":"Burning Pact","floor":2},{"not_picked":["True Grit","Body Slam"],"picked":"Power Through","floor":3},{"not_picked":["Perfected Strike","Seeing Red"],"picked":"Inflame","floor":6},{"not_picked":["Flex","Heavy Blade"],"picked":"Pommel Strike","floor":10},{"not_picked":["Evolve","Sword Boomerang"],"picked":"Pommel Strike","floor":11},{"not_picked":["Seeing Red","Warcry","Fire Breathing"],"picked":"Singing Bowl","floor":12},{"not_picked":["Twin Strike","Wild Strike","Dark Embrace"],"picked":"Singing Bowl","floor":13},{"not_picked":["Bludgeon","Havoc"],"picked":"Anger","floor":14},{"not_picked":["Limit Break","Demon Form"],"picked":"Offering","floor":16},{"not_picked":["Shrug It Off","Dual Wield"],"picked":"Uppercut+1","floor":18},{"not_picked":["Havoc","True Grit"],"picked":"Seeing Red","floor":21},{"not_picked":["Sword Boomerang","Armaments"],"picked":"True Grit+1","floor":23}],"player_experience":6296040,"relics_obtained":[{"floor":6,"key":"Anchor"},{"floor":9,"key":"Blue Candle"},{"floor":12,"key":"Singing Bowl"},{"floor":14,"key":"War Paint"},{"floor":23,"key":"CaptainsWheel"}],"event_choices":[{"damage_healed":0,"gold_gain":0,"player_choice":"Grow","damage_taken":0,"max_hp_gain":0,"max_hp_loss":0,"event_name":"Living Wall","floor":4,"gold_loss":0,"cards_upgraded":["Bash"]},{"cards_removed":["Strike_R"],"damage_healed":0,"gold_gain":0,"player_choice":"Gave Gold","damage_taken":0,"max_hp_gain":0,"max_hp_loss":0,"event_name":"Beggar","floor":20,"gold_loss":75},{"damage_healed":0,"gold_gain":0,"player_choice":"Ignored","damage_taken":0,"max_hp_gain":0,"max_hp_loss":0,"event_name":"Ghosts","floor":22,"gold_loss":0}],"is_beta":false,"boss_relics":[{"not_picked":["Philosopher\u0027s Stone","Tiny House"],"picked":"Cursed Key"}],"items_purged_floors":[19],"is_endless":false,"potions_floor_spawned":[10,11,12,16,23],"killed_by":"Gremlin Leader","ascension_level":20,"potion_discard_per_floor":[[],[],[],[],[],[],[],[],[],[],[],[],[],[],[],[],[],[],[],[],[],[],[],[],[]]}