{"neow_bonuses_skipped_log":["UPGRADE_CARD","THREE_ENEMY_KILL","TWENTY_PERCENT_HP_BONUS"],"potions_obtained_entropic_brew":[[],[],[],[],[],[],[],[],[],[],[],[],[],[],[],[],[],[],[],[],[],[],[],[],[],[],[],[],[],[],[],[],[],[],[],[],[],[],[],[],[],[],[],[],[],[],[],[],[],[],[],[],[],[],[],[],[]],"neow_costs_skipped_log":["NONE","NONE","NO_GOLD"],"gold_per_floor":[110,128,139,158,24,24,53,64,64,76,114,126,148,170,182,268,280,305,332,355,51,67,100,100,128,204,53,87,114,114,147,147,221,221,239,239,307,323,333,367,381,416,491,518,189,203,219,236,236,236,236,236,236,4,31,31],"floor_reached":57,"playtime":4088,"items_purged":["Defend_R"],"score":3147,"play_id":"b9e3e318-4988-4f33-bb9f-6ce4266c6a6e","local_time":"20240227125853","score_breakdown":["Floors Climbed (57): 285","Enemies Slain (18): 36","Exordium Elites Killed (2): 20","City Elites Killed (4): 80","Beyond Elites Killed (3): 90","Bosses Slain (5): 750","Money Money (1094): 25","Stuffed: 50","Champion (4): 100","Perfect (1): 50","Ascension (20): 1411","Heartbreaker: 250"],"is_ascension_mode":true,"potions_obtained_alchemize":[[],[],[],[],[],[],[],[],[],[],[],[],[],[],[],[],[],[],[],[],[],[],[],[],[],[],[],[],[],[],[],[],[],[],[],[],[],[],[],[],[],[],[],[],[],[],[],[],[],[],[],[],[],[],[],[],[]],"campfire_choices":[{"floor":6,"key":"REST"},{"floor":10,"key":"REST"},{"data":"Perfected Strike","floor":15,"key":"SMITH"},{"floor":24,"key":"REST"},{"data":"Shockwave","floor":30,"key":"SMITH"},{"floor":32,"key":"REST"},{"floor":49,"key":"RECALL"},{"data":"PanicButton","floor":53,"key":"SMITH"}],"lesson_learned_per_floor":[[],[],[],[],[],[],[],[],[],[],[],[],[],[],[],[],[],[],[],[],[],[],[],[],[],[],[],[],[],[],[],[],[],[],[],[],[],[],[],[],[],[],[],[],[],[],[],[],[],[],[],[],[],[],[],[],[]],"neow_cost":"NONE","improvable_cards":{},"seed_source_timestamp":7476353904569,"shop_contents":[{"floor":5,"relics":["Toy Ornithopter","Shuriken","Brimstone"],"cards":["Iron Wave","Cleave","True Grit","Metallicize","Panache"],"potions":["Fruit Juice","SpeedPotion","ElixirPotion"]},{"floor":21,"relics":["Strawberry","Frozen Eye"],"cards":["Dropkick","Reckless Charge","True Grit+1","Rupture","Panacea+1","Secret Weapon+1"],"potions":["SpeedPotion","ElixirPotion","Swift Potion"]},{"floor":27,"relics":["Bronze Scales","Centennial Puzzle","DollysMirror"],"cards":["Clash","Pommel Strike","True Grit+1","Armaments+1","Mind Blast","Secret Technique+1"],"potions":["BloodPotion","LiquidMemories","SmokeBomb"]},{"floor":45,"relics":["CeramicFish"],"cards":["Hemokinesis","Pummel","Havoc+1","Warcry+1","Inflame","Bandage Up+1","Thinking Ahead+1"],"potions":["LiquidBronze","Energy Potion","Ancient Potion"]},{"floor":54,"relics":["Orichalcum","Bag of Marbles","PrismaticShard"],"cards":["Hemokinesis","Bludgeon","Warcry+1","Combust","Swift Strike","Thinking Ahead+1"],"potions":["EssenceOfSteel","LiquidMemories","Fruit Juice"]}],"circlet_count":0,"master_deck":["AscendersBane","Strike_R","Strike_R","Strike_R","Strike_R","Defend_R","Defend_R","Defend_R","Bash","Wild Strike","Shockwave+1","Clothesline","PanicButton+1","Shrug It Off","Headbutt","Shrug It Off","Perfected Strike+1","Feed","Immolate","Carnage+1","Feel No Pain+1","Burning Pact+1","Offering+1","Dark Embrace+1","Barricade","Entrench+1","Spot Weakness+1","True Grit+1","Feed","Headbutt","True Grit+1","True Grit+1","Flame Barrier+1","Impervious+1"],"potion_use_per_floor":[[],[],[],[],[],["Fruit Juice"],[],[],["Fruit Juice"],[],[],[],[],["BloodPotion"],[],[],[],[],[],[],[],[],["AttackPotion"],[],[],[],[],["Fire Potion"],[],[],[],[],[],[],[],[],[],[],[],[],[],[],[],[],[],[],[],[],[],[],[],[],[],[],[],["DistilledChaos","DuplicationPotion"],[]],"relics":["Snecko Eye","Ice Cream","MawBank","Letter Opener","Mark of Pain","Toxic Egg 2","Sundial","Paper Frog","Meat on the Bone","Red Mask","Calipers","Coffee Dripper","Eternal Feather","Pen Nib","Omamori","MealTicket","Medical Kit","Lantern","Akabeko"],"potions_floor_usage":[6,9,14,23,28,56,56],"damage_taken":[{"damage":1,"enemies":"Cultist","floor":1,"turns":3},{"damage":4,"enemies":"Small Slimes","floor":2,"turns":4},{"damage":9,"enemies":"Jaw Worm","floor":3,"turns":4},{"damage":41,"enemies":"Large Slime","floor":4,"turns":7},{"damage":15,"enemies":"Lagavulin","floor":7,"turns":6},{"damage":3,"enemies":"Blue Slaver","floor":8,"turns":3},{"damage":7,"enemies":"3 Sentries","floor":11,"turns":7},{"damage":5,"enemies":"Exordium Wildlife","floor":13,"turns":3},{"damage":0,"enemies":"Large Slime","floor":14,"turns":2},{"damage":4,"enemies":"The Guardian","floor":16,"turns":11},{"damage":13,"enemies":"Shell Parasite","floor":18,"turns":4},{"damage":0,"enemies":"Spheric Guardian","floor":19,"turns":3},{"damage":15,"enemies":"Centurion and Healer","floor":20,"turns":5},{"damage":0,"enemies":"3 Cultists","floor":22,"turns":3},{"damage":33,"enemies":"Book of Stabbing","floor":23,"turns":3},{"damage":6,"enemies":"Slavers","floor":25,"turns":3},{"damage":10,"enemies":"Gremlin Leader","floor":28,"turns":6},{"damage":6,"enemies":"Masked Bandits","floor":29,"turns":3},{"damage":0,"enemies":"Slavers","floor":31,"turns":3},{"damage":6,"enemies":"Collector","floor":33,"turns":17},{"damage":2,"enemies":"3 Darklings","floor":35,"turns":3},{"damage":0,"enemies":"Orb Walker","floor":38,"turns":3},{"damage":7,"enemies":"3 Darklings","floor":39,"turns":4},{"damage":59,"enemies":"Reptomancer","floor":40,"turns":11},{"damage":8,"enemies":"Sphere and 2 Shapes","floor":41,"turns":7},{"damage":6,"enemies":"Giant Head","floor":42,"turns":12},{"damage":8,"enemies":"Nemesis","floor":44,"turns":7},{"damage":6,"enemies":"Spire Growth","floor":46,"turns":7},{"damage":6,"enemies":"4 Shapes","floor":47,"turns":4},{"damage":0,"enemies":"Sphere and 2 Shapes","floor":48,"turns":6},{"damage":27,"enemies":"Awakened One","floor":50,"turns":14},{"damage":8,"enemies":"Donu and Deca","floor":51,"turns":11},{"damage":0,"enemies":"Shield and Spear","floor":55,"turns":12},{"damage":22,"enemies":"The Heart","floor":56,"turns":15}],"green_key_taken_log":31,"seed_played":"1777709940939177039","neow_bonus_log":{"cardsObtained":[],"cardsUpgraded":[],"cardsRemoved":[],"cardsTransformed":[],"relicsObtained":["Snecko Eye"],"maxHpGained":0,"goldGained":0,"damageTaken":0,"goldLost":0,"maxHpLost":0},"potions_obtained":[{"floor":3,"key":"Fruit Juice"},{"floor":8,"key":"Fruit Juice"},{"floor":11,"key":"SpeedPotion"},{"floor":13,"key":"BloodPotion"},{"floor":14,"key":"AttackPotion"},{"floor":20,"key":"Explosive Potion"},{"floor":23,"key":"LiquidBronze"},{"floor":25,"key":"Fire Potion"},{"floor":28,"key":"DistilledChaos"},{"floor":31,"key":"DuplicationPotion"}],"is_trial":false,"path_per_floor":["M","M","M","M","$","R","E","M","T","R","E","?","M","M","R","B",null,"M","M","M","$","M","E","R","E","T","$","E","?","R","E","R","B",null,"M","?","T","M","M","E","M","E","T","E","$","M","M","M","R","B","B",null,"R","$","E","B",null],"character_chosen":"IRONCLAD","basemod:card_modifiers":[null,null,null,null,null,null,null,null,null,null,null,null,null,null,null,null,null,null,null,null,null,null,null,null,null,null,null,null,null,null,null,null,null,null],"items_purchased":["PanicButton","Shrug It Off","Toxic Egg 2","Burning Pact+1","Barricade","Medical Kit","Lantern","Impervious+1"],"campfire_rested":4,"item_purchase_floors":[5,5,21,21,27,45,45,54],"current_hp_per_floor":[67,63,54,13,13,42,27,24,29,54,47,35,30,47,47,46,78,65,68,56,56,59,29,59,56,56,56,61,58,58,61,94,91,109,110,110,110,113,109,65,75,72,72,79,94,91,91,97,115,94,92,148,166,166,172,150],"gold":31,"neow_bonus":"BOSS_RELIC","is_prod":false,"is_daily":false,"rewards_skipped":[{"floor":28,"relics":["Bottled Flame"],"potions":[]},{"floor":39,"relics":[],"potions":["ElixirPotion"]},{"floor":42,"relics":[],"potions":["Explosive Potion"]},{"floor":44,"relics":[],"potions":["SkillPotion"]},{"floor":47,"relics":[],"potions":["AttackPotion"]},{"floor":48,"relics":[],"potions":["HeartOfIron"]}],"chose_seed":false,"campfire_upgraded":3,"win_rate":0,"floor_exit_playtime":[59,115,149,254,271,276,327,357,361,368,453,467,506,542,552,693,722,777,806,861,885,949,997,1001,1053,1058,1065,1163,1237,1247,1293,1318,1560,1817,1876,1908,1915,1948,2068,2347,2482,2669,2678,2793,2813,2906,2979,3090,3094,3299,3509,3519,3526,3550,3760,4088],"timestamp":1709056733,"blue_key_relic_skipped_log":{"floor":43,"relicID":"Self Forming Clay"},"path_taken":["M","M","M","M","$","R","E","M","T","R","E","?","M","M","R","BOSS","M","M","M","$","M","E","R","E","T","?","E","?","R","E","R","BOSS","M","?","?","M","M","E","M","E","T","E","$","M","M","M","R","BOSS","BOSS","R","$","E","BOSS"],"build_version":"2022-12-18","purchased_purges":1,"victory":true,"max_hp_per_floor":[75,75,75,75,75,80,80,80,85,85,85,85,85,85,85,88,88,88,91,94,94,97,100,100,103,103,103,106,109,109,112,112,115,115,118,118,118,121,124,127,133,136,136,139,139,142,148,154,154,160,166,166,166,166,172,172],"relic_stats":{"Ice Cream":[239],"Calipers":[494],"counters":[34,216],"Eternal Feather":36,"Pen Nib":[16],"Omamori":0,"Letter Opener":[389],"MawBank":144,"Medical Kit":[50],"Sundial":[30],"Snecko Eye":[421,403,414,445,-568],"MealTicket":15,"obtain_stats":[{"Ice Cream":7,"Lantern":45,"Calipers":31,"Eternal Feather":37,"Pen Nib":40,"Omamori":42,"Letter Opener":11,"MawBank":9,"Medical Kit":45,"Burning Blood":0,"Akabeko":55,"Sundial":23,"Snecko Eye":0,"MealTicket":44,"Mark of Pain":17,"Red Mask":29,"Coffee Dripper":34,"Toxic Egg 2":21,"Paper Frog":25,"Meat on the Bone":26},{"Ice Cream":5,"Lantern":27,"Calipers":19,"Eternal Feather":21,"Pen Nib":24,"Omamori":26,"Letter Opener":7,"MawBank":6,"Medical Kit":27,"Burning Blood":0,"Akabeko":33,"Sundial":15,"Snecko Eye":0,"MealTicket":27,"Mark of Pain":10,"Red Mask":18,"Coffee Dripper":20,"Toxic Egg 2":13,"Paper Frog":16,"Meat on the Bone":16},{"Ice Cream":24,"Lantern":147,"Calipers":83,"Eternal Feather":103,"Pen Nib":121,"Omamori":140,"Letter Opener":34,"MawBank":27,"Medical Kit":147,"Burning Blood":0,"Akabeko":201,"Sundial":68,"Snecko Eye":0,"MealTicket":147,"Mark of Pain":50,"Red Mask":80,"Coffee Dripper":100,"Toxic Egg 2":62,"Paper Frog":71,"Meat on the Bone":71}],"Meat on the Bone":48},"card_choices":[{"not_picked":["Twin Strike","True Grit","Thunderclap"],"picked":"SKIP","floor":1},{"not_picked":["Body Slam","Thunderclap"],"picked":"Wild Strike","floor":2},{"not_picked":["Flex","Combust"],"picked":"Shockwave","floor":3},{"not_picked":["Evolve","Sword Boomerang"],"picked":"Clothesline","floor":4},{"not_picked":["Rampage","Twin Strike","Body Slam"],"picked":"SKIP","floor":7},{"not_picked":["Clash","True Grit"],"picked":"Headbutt","floor":8},{"not_picked":["Cleave","Heavy Blade"],"picked":"Shrug It Off","floor":11},{"not_picked":["Burning Pact","Intimidate"],"picked":"Perfected Strike","floor":13},{"not_picked":["Shrug It Off","Pummel"],"picked":"Feed","floor":14},{"not_picked":["Impervious","Juggernaut"],"picked":"Immolate","floor":16},{"not_picked":["Warcry","Twin Strike"],"picked":"Carnage+1","floor":18},{"not_picked":["Havoc","Body Slam","Battle Trance"],"picked":"SKIP","floor":19},{"not_picked":["Metallicize","Clash"],"picked":"Feel No Pain+1","floor":20},{"not_picked":["Infernal Blade+1","Iron Wave"],"picked":"Offering+1","floor":23},{"not_picked":["Havoc+1","Body Slam"],"picked":"Dark Embrace+1","floor":25},{"not_picked":["Dark Embrace+1","Headbutt"],"picked":"Entrench+1","floor":28},{"not_picked":["Ghostly Armor+1","Fire Breathing"],"picked":"Spot Weakness+1","floor":29},{"not_picked":["Clash","Inflame"],"picked":"True Grit+1","floor":31},{"not_picked":["Brutality","Juggernaut"],"picked":"Feed","floor":33},{"not_picked":["Anger+1","Flex+1","Sword Boomerang"],"picked":"SKIP","floor":35},{"not_picked":["Anger","Sword Boomerang","Heavy Blade"],"picked":"SKIP","floor":38},{"not_picked":["Clothesline","Twin Strike"],"picked":"Headbutt","floor":39},{"not_picked":["Flex+1","Dark Embrace"],"picked":"True Grit+1","floor":41},{"not_picked":["Dark Embrace+1","Spot Weakness+1","Flex+1"],"picked":"SKIP","floor":42},{"not_picked":["Anger","Thunderclap+1"],"picked":"True Grit+1","floor":44},{"not_picked":["Hemokinesis","Anger"],"picked":"Flame Barrier+1","floor":47},{"not_picked":["Blood for Blood","Twin Strike","Infernal Blade+1"],"picked":"SKIP","floor":48},{"not_picked":["Wild Strike","Fire Breathing","Combust+1"],"picked":"SKIP","floor":55}],"player_experience":6363948,"relics_obtained":[{"floor":7,"key":"Ice Cream"},{"floor":9,"key":"MawBank"},{"floor":11,"key":"Letter Opener"},{"floor":23,"key":"Sundial"},{"floor":25,"key":"Paper Frog"},{"floor":26,"key":"Meat on the Bone"},{"floor":29,"key":"Red Mask"},{"floor":31,"key":"Calipers"},{"floor":37,"key":"Eternal Feather"},{"floor":40,"key":"Pen Nib"},{"floor":42,"key":"Omamori"},{"floor":44,"key":"MealTicket"},{"floor":55,"key":"Akabeko"}],"event_choices":[{"damage_healed":0,"gold_gain":0,"player_choice":"Damaged","damage_taken":12,"max_hp_gain":0,"max_hp_loss":0,"event_name":"Wheel of Change","floor":12,"gold_loss":0},{"damage_healed":0,"gold_gain":0,"player_choice":"Fought Bandits","damage_taken":0,"max_hp_gain":0,"max_hp_loss":0,"event_name":"Masked Bandits","floor":29,"gold_loss":0},{"cards_removed":["Strike_R"],"damage_healed":0,"gold_gain":0,"player_choice":"Purged","damage_taken":0,"max_hp_gain":0,"max_hp_loss":0,"event_name":"Purifier","floor":36,"gold_loss":0}],"is_beta":false,"boss_relics":[{"not_picked":["SacredBark","Calling Bell"],"picked":"Mark of Pain"},{"not_picked":["Runic Pyramid","Empty Cage"],"picked":"Coffee Dripper"}],"items_purged_floors":[54],"is_endless":false,"potions_floor_spawned":[3,8,11,13,14,20,23,25,28,31,39,42,44,47,48],"ascension_level":20,"potion_discard_per_floor":[[],[],[],[],[],[],[],[],[],[],[],[],[],[],[],[],[],[],[],["SpeedPotion"],[],[],[],[],["LiquidBronze"],[],[],[],[],[],["Explosive Potion"],[],[],[],[],[],[],[],[],[],[],[],[],[],[],[],[],[],[],[],[],[],[],[],[],[],[]]}