{"neow_bonuses_skipped_log":["THREE_CARDS","THREE_ENEMY_KILL","TRANSFORM_TWO_CARDS"],"neow_costs_skipped_log":["NONE","NONE","PERCENT_DAMAGE"],"potions_obtained_entropic_brew":[[],[],[],[],[],[],[],[],[],[],[],[],[],[],[],[],[],[],[],[],[],[],[],[]],"gold_per_floor":[99,99,99,24,0,0,0,0,0,0,0,0,0,0,0,0,0,0,0,0,0,0,0,0],"floor_reached":24,"playtime":2262,"items_purged":["Strike_B"],"score":416,"play_id":"ec1034e6-1fa8-4a70-b310-1c5d7e348497","local_time":"20220920185150","score_breakdown":["Floors Climbed (24): 120","Enemies Slain (9): 18","Exordium Elites Killed (2): 20","City Elites Killed (0): 0","Bosses Slain (1): 50","Ascension (20): 208"],"is_ascension_mode":true,"potions_obtained_alchemize":[[],[],[],[],[],[],[],[],[],[],[],[],[],[],[],[],[],[],[],[],[],[],[],[]],"campfire_choices":[{"floor":7,"key":"REST"},{"floor":10,"key":"REST"},{"floor":13,"key":"REST"},{"data":"Hologram","floor":15,"key":"SMITH"},{"data":"Coolheaded","floor":23,"key":"SMITH"}],"lesson_learned_per_floor":[[],[],[],[],[],[],[],[],[],[],[],[],[],[],[],[],[],[],[],[],[],[],[],[]],"neow_cost":"NONE","improvable_cards":{},"seed_source_timestamp":8250281752748,"shop_contents":[{"floor":4,"relics":["Unceasing Top","Toxic Egg 2","TheAbacus"],"cards":["Compile Driver","Ball Lightning","Double Energy","Coolheaded","Heatsinks","Jack Of All Trades","Apotheosis"],"potions":["SmokeBomb","PotionOfCapacity","Block Potion"]}],"circlet_count":0,"master_deck":["AscendersBane","Defend_B","Defend_B","Defend_B","Defend_B","Zap","Dualcast","Melter","Ball Lightning","Hologram+1","Go for the Eyes","Biased Cognition","Recycle","Cold Snap","Cold Snap","White Noise","Recycle","Fission","Rebound+1","Redo+1","Go for the Eyes+1","Self Repair","Skim+1","Undo+1","Coolheaded+1"],"potion_use_per_floor":[[],[],[],[],[],["EssenceOfSteel"],[],[],[],[],[],["LiquidMemories"],[],[],[],["FocusPotion"],[],[],[],[],[],[],[],["Explosive Potion"]],"relics":["Ectoplasm","Bag of Preparation","Pantograph","Prayer Wheel","Astrolabe"],"potions_floor_usage":[6,12,16,24],"damage_taken":[{"damage":0,"enemies":"Jaw Worm","floor":1,"turns":4},{"damage":0,"enemies":"2 Louse","floor":2,"turns":2},{"damage":0,"enemies":"Small Slimes","floor":3,"turns":2},{"damage":5,"enemies":"Looter","floor":5,"turns":4},{"damage":40,"enemies":"Gremlin Nob","floor":6,"turns":4},{"damage":18,"enemies":"Exordium Wildlife","floor":8,"turns":4},{"damage":22,"enemies":"3 Sentries","floor":11,"turns":7},{"damage":19,"enemies":"Exordium Thugs","floor":12,"turns":3},{"damage":0,"enemies":"Blue Slaver","floor":14,"turns":3},{"damage":23,"enemies":"Hexaghost","floor":16,"turns":9},{"damage":15,"enemies":"Shell Parasite","floor":18,"turns":8},{"damage":0,"enemies":"Spheric Guardian","floor":19,"turns":4},{"damage":55,"enemies":"Gremlin Leader","floor":24,"turns":8}],"seed_played":"-7712772173908866528","neow_bonus_log":{"cardsObtained":[],"cardsUpgraded":[],"cardsRemoved":[],"cardsTransformed":[],"relicsObtained":["Ectoplasm"],"maxHpGained":0,"goldGained":0,"damageTaken":0,"goldLost":0,"maxHpLost":0},"potions_obtained":[{"floor":1,"key":"LiquidMemories"},{"floor":5,"key":"EssenceOfSteel"},{"floor":14,"key":"FocusPotion"},{"floor":16,"key":"Explosive Potion"},{"floor":18,"key":"EssenceOfDarkness"}],"is_trial":false,"path_per_floor":["M","M","M","$","M","E","R","M","T","R","E","M","R","M","R","B",null,"M","M","?","?","?","R","E"],"character_chosen":"DEFECT","items_purchased":[],"campfire_rested":3,"item_purchase_floors":[],"current_hp_per_floor":[64,64,64,64,59,19,40,22,22,43,21,2,23,23,23,25,60,45,52,52,52,52,52,0],"gold":0,"neow_bonus":"BOSS_RELIC","is_prod":false,"is_daily":false,"rewards_skipped":[],"chose_seed":false,"campfire_upgraded":2,"win_rate":0,"floor_exit_playtime":[205,245,321,347,396,809,831,903,908,911,1018,1342,1354,1465,1472,1575,1661,1782,1843,1864,1868,1896,1925],"timestamp":1663714310,"path_taken":["M","M","M","$","M","E","R","M","T","R","E","M","R","M","R","BOSS","M","M","?","?","?","R","E"],"build_version":"2022-03-07","purchased_purges":1,"victory":false,"max_hp_per_floor":[71,71,71,71,71,71,71,71,71,71,71,71,71,71,71,71,71,71,71,71,71,71,71,71],"relic_stats":{"counters":[13,62],"Pantograph":25,"Astrolabe":["Rebound","Redo","Go for the Eyes"],"Prayer Wheel":4,"Ectoplasm":319,"Bag of Preparation":[16],"obtain_stats":[{"Pantograph":9,"Astrolabe":17,"Prayer Wheel":11,"Ectoplasm":0,"Bag of Preparation":6,"Cracked Core":0},{"Pantograph":6,"Astrolabe":10,"Prayer Wheel":7,"Ectoplasm":0,"Bag of Preparation":5,"Cracked Core":0},{"Pantograph":20,"Astrolabe":42,"Prayer Wheel":27,"Ectoplasm":0,"Bag of Preparation":16,"Cracked Core":0}]},"card_choices":[{"not_picked":["Fusion","Gash"],"picked":"Melter","floor":1},{"not_picked":["Conserve Battery","Hologram"],"picked":"Ball Lightning","floor":2},{"not_picked":["Reprogram","Sweeping Beam"],"picked":"Hologram","floor":3},{"not_picked":["Rebound","Steam"],"picked":"Go for the Eyes","floor":5},{"not_picked":["Rip and Tear","Leap"],"picked":"Biased Cognition","floor":6},{"not_picked":["Static Discharge","Turbo"],"picked":"Recycle","floor":8},{"not_picked":["Streamline","Chaos"],"picked":"Cold Snap","floor":11},{"not_picked":["Sweeping Beam","Redo"],"picked":"Cold Snap","floor":12},{"not_picked":["Ball Lightning","Scrape"],"picked":"White Noise","floor":12},{"not_picked":["Ball Lightning","Conserve Battery"],"picked":"Recycle","floor":14},{"not_picked":["Redo","Reprogram","Ball Lightning"],"picked":"SKIP","floor":14},{"not_picked":["Rainbow","Creative AI"],"picked":"Fission","floor":16},{"not_picked":["Consume","Leap"],"picked":"Self Repair","floor":18},{"not_picked":["Lockon","Rip and Tear","Blizzard"],"picked":"SKIP","floor":18},{"not_picked":["Compile Driver","Hologram"],"picked":"Skim+1","floor":19},{"not_picked":["Doom and Gloom","Conserve Battery"],"picked":"Undo+1","floor":19},{"not_picked":["Stack","Hologram","Rip and Tear","Tempest","Ball Lightning","Static Discharge","Beam Cell","Leap","Rebound","Steam Power","Go for the Eyes","Cold Snap","Glacier","Sunder","Capacitor","Darkness","Sweeping Beam","Chaos","Blizzard"],"picked":"Coolheaded","floor":22}],"player_experience":3973425,"relics_obtained":[{"floor":6,"key":"Bag of Preparation"},{"floor":9,"key":"Pantograph"},{"floor":11,"key":"Prayer Wheel"}],"event_choices":[{"damage_healed":0,"gold_gain":0,"player_choice":"Ignored","damage_taken":0,"max_hp_gain":0,"max_hp_loss":0,"event_name":"Vampires","floor":20,"gold_loss":0},{"damage_healed":0,"gold_gain":0,"player_choice":"Read","damage_taken":0,"max_hp_gain":0,"max_hp_loss":0,"event_name":"The Library","floor":22,"gold_loss":0,"cards_obtained":["Coolheaded"]}],"is_beta":false,"boss_relics":[{"not_picked":["SlaversCollar","Tiny House"],"picked":"Astrolabe"}],"items_purged_floors":[4],"is_endless":false,"potions_floor_spawned":[1,5,14,16,18],"killed_by":"Gremlin Leader","ascension_level":20,"potion_discard_per_floor":[[],[],[],[],[],[],[],[],[],[],[],[],[],[],[],[],[],[],[],[],[],[],[],[]]}