{"neow_bonuses_skipped_log":["RANDOM_COLORLESS","TRANSFORM_TWO_CARDS","BOSS_RELIC"],"potions_obtained_entropic_brew":[[],[],[],[],[],[],[],[],[],[],[],[],[],[],[],[],[],[],[],[],[],[],[],[],[],[],[],[],[],[],[],[],[],[],[],[],[],[],[],[],[],[],[],[],[],[],[],[],[],[],[],[],[],[],[],[]],"neow_costs_skipped_log":["NONE","CURSE","NONE"],"gold_per_floor":[114,125,142,153,4,4,79,79,79,95,121,121,163,187,187,272,272,293,34,55,82,102,102,115,15,42,92,105,105,132,169,169,256,256,271,97,121,149,167,167,205,232,280,280,308,326,338,363,363,363,363,363,363,47,75,75],"floor_reached":56,"playtime":8814,"items_purged":["Defend_B","Defend_B","Defend_B","Strike_B"],"score":2069,"play_id":"a8b35946-3e62-4d30-bf02-d47ad7364e64","local_time":"20221003205026","score_breakdown":["Floors Climbed (56): 280","Enemies Slain (21): 42","Exordium Elites Killed (2): 20","City Elites Killed (1): 20","Beyond Elites Killed (2): 60","Bosses Slain (4): 500","Money Money (1141): 25","Champion (1): 25","Perfect (1): 50","C-c-c-combo: 25","Ascension (20): 1022"],"is_ascension_mode":true,"potions_obtained_alchemize":[[],[],[],[],[],[],[],[],[],[],[],[],[],[],[],[],[],[],[],[],[],[],[],[],[],[],[],[],[],[],[],[],[],[],[],[],[],[],[],[],[],[],[],[],[],[],[],[],[],[],[],[],[],[],[],[]],"campfire_choices":[{"data":"Recycle","floor":6,"key":"SMITH"},{"data":"Self Repair","floor":8,"key":"SMITH"},{"data":"Zap","floor":12,"key":"SMITH"},{"data":"Coolheaded","floor":15,"key":"SMITH"},{"data":"Defragment","floor":23,"key":"SMITH"},{"data":"Fission","floor":29,"key":"SMITH"},{"data":"Defragment","floor":32,"key":"SMITH"},{"floor":40,"key":"REST"},{"floor":44,"key":"RECALL"},{"data":"Coolheaded","floor":49,"key":"SMITH"},{"data":"Apotheosis","floor":53,"key":"SMITH"}],"lesson_learned_per_floor":[[],[],[],[],[],[],[],[],[],[],[],[],[],[],[],[],[],[],[],[],[],[],[],[],[],[],[],[],[],[],[],[],[],[],[],[],[],[],[],[],[],[],[],[],[],[],[],[],[],[],[],[],[],[],[],[]],"neow_cost":"NONE","improvable_cards":{},"seed_source_timestamp":10778138922591,"shop_contents":[{"floor":5,"relics":["Omamori","Blood Vial","Orrery"],"cards":["Streamline","FTL","Rainbow","Auto Shields","Flash of Steel","Master of Strategy"],"potions":["DistilledChaos","Block Potion","Energy Potion"]},{"floor":19,"relics":["Oddly Smooth Stone","Bronze Scales","Cauldron"],"cards":["Ball Lightning","Scrape","Stack","Tempest","Finesse"],"potions":["Fire Potion","PotionOfCapacity","Regen Potion"]},{"floor":25,"relics":["Regal Pillow","Happy Flower","Toolbox"],"cards":["Meteor Strike","Rip and Tear","Leap","Steam","Self Repair","Trip","Chrysalis"],"potions":["EssenceOfSteel","SpeedPotion","SteroidPotion"]},{"floor":36,"relics":["Mercury Hourglass","War Paint","HandDrill"],"cards":["Streamline","Rip and Tear","Hologram","Loop","Deep Breath","Transmutation"],"potions":["SkillPotion","Dexterity Potion","SkillPotion"]},{"floor":54,"relics":["Bottled Flame","Lantern"],"cards":["Sweeping Beam","Go for the Eyes","Fusion","Turbo","Hello World","Bandage Up","HandOfGreed"],"potions":["Energy Potion","FocusPotion","SteroidPotion"]}],"circlet_count":0,"master_deck":["AscendersBane","Strike_B","Strike_B","Strike_B","Defend_B","Zap+1","Dualcast","Steam","Coolheaded+1","Recycle+1","Reinforced Body","Self Repair+1","Tempest","Compile Driver","Double Energy","Leap","Fission+1","Doom and Gloom","Apotheosis+1","Defragment+1","Hologram","BootSequence","Reinforced Body+1","Defragment+1","Glacier","Meteor Strike","Coolheaded+1","Redo+1","Hologram","Glacier","Go for the Eyes+1","Darkness"],"potion_use_per_floor":[[],[],[],[],[],[],[],[],[],[],[],[],["DuplicationPotion","DuplicationPotion"],[],[],["Block Potion"],[],["Explosive Potion"],[],[],[],["Regen Potion"],[],[],[],[],[],[],[],[],["SpeedPotion"],[],[],[],[],[],[],[],[],[],["Swift Potion","DistilledChaos"],[],[],[],[],[],[],[],[],[],[],[],[],[],[],["Dexterity Potion","Energy Potion"]],"relics":["Cracked Core","MealTicket","Pocketwatch","Unceasing Top","CeramicFish","SlaversCollar","Centennial Puzzle","Eternal Feather","Nuclear Battery","Strawberry","Singing Bowl","OrangePellets","Pen Nib"],"potions_floor_usage":[13,13,16,18,22,31,41,41,56,56],"damage_taken":[{"damage":1,"enemies":"Cultist","floor":1,"turns":3},{"damage":12,"enemies":"Jaw Worm","floor":2,"turns":2},{"damage":0,"enemies":"Small Slimes","floor":3,"turns":4},{"damage":37,"enemies":"Gremlin Gang","floor":4,"turns":7},{"damage":0,"enemies":"Blue Slaver","floor":10,"turns":7},{"damage":8,"enemies":"Gremlin Nob","floor":11,"turns":3},{"damage":16,"enemies":"3 Sentries","floor":13,"turns":7},{"damage":4,"enemies":"Looter","floor":14,"turns":3},{"damage":8,"enemies":"The Guardian","floor":16,"turns":12},{"damage":26,"enemies":"2 Thieves","floor":18,"turns":5},{"damage":0,"enemies":"Spheric Guardian","floor":20,"turns":10},{"damage":27,"enemies":"Snecko","floor":21,"turns":6},{"damage":38,"enemies":"Shelled Parasite and Fungi","floor":22,"turns":12},{"damage":35,"enemies":"Chosen and Byrds","floor":24,"turns":7},{"damage":0,"enemies":"Centurion and Healer","floor":28,"turns":10},{"damage":6,"enemies":"Snake Plant","floor":30,"turns":6},{"damage":0,"enemies":"Gremlin Leader","floor":31,"turns":7},{"damage":0,"enemies":"Champ","floor":33,"turns":16},{"damage":14,"enemies":"3 Darklings","floor":35,"turns":9},{"damage":14,"enemies":"3 Shapes","floor":37,"turns":6},{"damage":18,"enemies":"Sphere and 2 Shapes","floor":38,"turns":4},{"damage":54,"enemies":"Maw","floor":39,"turns":13},{"damage":1,"enemies":"Reptomancer","floor":41,"turns":9},{"damage":0,"enemies":"4 Shapes","floor":42,"turns":11},{"damage":20,"enemies":"Nemesis","floor":45,"turns":9},{"damage":0,"enemies":"Spire Growth","floor":46,"turns":8},{"damage":3,"enemies":"Maw","floor":47,"turns":9},{"damage":13,"enemies":"Jaw Worm Horde","floor":48,"turns":4},{"damage":22,"enemies":"Time Eater","floor":50,"turns":20},{"damage":25,"enemies":"Donu and Deca","floor":51,"turns":14},{"damage":8,"enemies":"Shield and Spear","floor":55,"turns":8},{"damage":91,"enemies":"The Heart","floor":56,"turns":11}],"green_key_taken_log":11,"seed_played":"7748493081214072696","neow_bonus_log":{"cardsObtained":[],"cardsUpgraded":[],"cardsRemoved":[],"cardsTransformed":[],"relicsObtained":["MealTicket"],"maxHpGained":0,"goldGained":0,"damageTaken":0,"goldLost":0,"maxHpLost":0},"potions_obtained":[{"floor":2,"key":"FearPotion"},{"floor":4,"key":"DuplicationPotion"},{"floor":11,"key":"DuplicationPotion"},{"floor":13,"key":"Block Potion"},{"floor":14,"key":"Explosive Potion"},{"floor":18,"key":"Regen Potion"},{"floor":21,"key":"DistilledChaos"},{"floor":30,"key":"SpeedPotion"},{"floor":39,"key":"Swift Potion"},{"floor":41,"key":"ColorlessPotion"},{"floor":45,"key":"Dexterity Potion"},{"floor":46,"key":"Energy Potion"}],"is_trial":false,"path_per_floor":["M","M","M","M","$","R","?","R","T","M","E","R","E","M","R","B",null,"M","$","M","M","M","R","M","$","T","?","M","R","M","E","R","B",null,"M","$","M","M","M","R","E","M","T","R","E","M","M","M","R","B","B",null,"R","$","E","B"],"character_chosen":"DEFECT","items_purchased":["Self Repair","Apotheosis","Defragment","Coolheaded","OrangePellets"],"campfire_rested":1,"item_purchase_floors":[5,19,19,36,54],"current_hp_per_floor":[63,51,51,14,29,29,18,18,18,28,20,20,14,20,20,22,59,43,58,68,51,38,38,13,28,28,28,38,38,42,52,67,71,71,67,71,67,59,15,54,70,78,78,78,70,82,84,81,84,72,57,77,84,84,86,0],"gold":75,"neow_bonus":"RANDOM_COMMON_RELIC","is_prod":false,"is_daily":false,"rewards_skipped":[{"floor":55,"relics":[],"potions":["SteroidPotion"]}],"chose_seed":false,"campfire_upgraded":9,"win_rate":0,"floor_exit_playtime":[143,220,284,465,491,500,520,526,561,718,1025,1033,1317,1445,1452,1759,1825,1994,2088,2282,2383,2637,2655,2776,2797,2801,2823,2998,3004,3195,3403,3425,3756,3828,4134,4161,4244,4370,4784,4796,5112,5309,5313,5320,5526,5708,5907,6222,6235,6858,7297,7307,7322,7402,7663],"timestamp":1664844626,"blue_key_relic_skipped_log":{"floor":43,"relicID":"Akabeko"},"path_taken":["M","M","M","?","$","R","?","R","T","M","E","R","E","M","R","BOSS","M","$","M","M","M","R","M","$","T","?","M","R","?","E","R","BOSS","M","$","M","M","?","R","E","M","T","R","E","M","M","M","R","BOSS","BOSS","R","$","E","BOSS"],"build_version":"2022-03-07","purchased_purges":4,"victory":false,"max_hp_per_floor":[71,71,71,71,71,71,71,71,71,71,71,71,71,71,71,71,71,71,71,71,71,71,71,71,71,71,71,71,71,71,71,71,71,71,71,71,71,71,71,71,78,78,78,78,80,82,84,84,84,84,84,84,84,84,86,86],"relic_stats":{"OrangePellets":[4],"Centennial Puzzle":[39],"Singing Bowl":8,"counters":[32,262],"CeramicFish":162,"MealTicket":49,"Eternal Feather":43,"Pen Nib":[1],"obtain_stats":[{"Singing Bowl":45,"CeramicFish":13,"Eternal Feather":31,"Pen Nib":55,"Nuclear Battery":34,"SlaversCollar":17,"OrangePellets":54,"Centennial Puzzle":26,"Strawberry":41,"MealTicket":0,"Cracked Core":0,"Unceasing Top":11,"Pocketwatch":9},{"Singing Bowl":25,"CeramicFish":7,"Eternal Feather":17,"Pen Nib":31,"Nuclear Battery":18,"SlaversCollar":9,"OrangePellets":30,"Centennial Puzzle":14,"Strawberry":23,"MealTicket":0,"Cracked Core":0,"Unceasing Top":6,"Pocketwatch":4},{"Singing Bowl":188,"CeramicFish":33,"Eternal Feather":111,"Pen Nib":251,"Nuclear Battery":127,"SlaversCollar":48,"OrangePellets":243,"Centennial Puzzle":88,"Strawberry":168,"MealTicket":0,"Cracked Core":0,"Unceasing Top":26,"Pocketwatch":16}],"Unceasing Top":[147],"Pocketwatch":[451]},"card_choices":[{"not_picked":["Turbo","Static Discharge"],"picked":"Steam","floor":1},{"not_picked":["Sweeping Beam","Conserve Battery"],"picked":"Coolheaded","floor":2},{"not_picked":["Redo","Force Field"],"picked":"Recycle","floor":3},{"not_picked":["Streamline","Conserve Battery"],"picked":"Reinforced Body","floor":4},{"not_picked":["Redo","Static Discharge"],"picked":"Tempest","floor":10},{"not_picked":["Tempest","Steam Power"],"picked":"Compile Driver","floor":11},{"not_picked":["Barrage","Storm"],"picked":"Double Energy","floor":13},{"not_picked":["Stack","Loop"],"picked":"Leap","floor":14},{"not_picked":["Thunder Strike","Electrodynamics"],"picked":"Fission","floor":16},{"not_picked":["Loop","Compile Driver"],"picked":"Doom and Gloom","floor":18},{"not_picked":["Compile Driver","Stack"],"picked":"Hologram","floor":20},{"not_picked":["Steam","Rebound"],"picked":"BootSequence","floor":21},{"not_picked":["Steam Power","Conserve Battery"],"picked":"Reinforced Body+1","floor":22},{"not_picked":["Rebound","Stack","Ball Lightning"],"picked":"SKIP","floor":24},{"not_picked":["Steam","Redo","Rebound+1"],"picked":"SKIP","floor":28},{"not_picked":["Ball Lightning","Core Surge"],"picked":"Defragment","floor":30},{"not_picked":["Machine Learning","Barrage"],"picked":"Glacier","floor":31},{"not_picked":["Rainbow","Creative AI"],"picked":"Meteor Strike","floor":33},{"not_picked":["Conserve Battery","Stack","Beam Cell"],"picked":"SKIP","floor":35},{"not_picked":["Streamline","Stack"],"picked":"Redo+1","floor":37},{"not_picked":["FTL+1","Rebound+1"],"picked":"Hologram","floor":38},{"not_picked":["Sunder","Barrage+1","Stack+1"],"picked":"SKIP","floor":39},{"not_picked":["Blizzard","Go for the Eyes"],"picked":"Glacier","floor":41},{"not_picked":["Consume+1","Beam Cell"],"picked":"Go for the Eyes+1","floor":42},{"not_picked":["Reinforced Body","Steam","Sweeping Beam"],"picked":"Singing Bowl","floor":45},{"not_picked":["Thunder Strike","Streamline","Go for the Eyes"],"picked":"Singing Bowl","floor":46},{"not_picked":["Turbo","Redo+1","Beam Cell"],"picked":"Singing Bowl","floor":47},{"not_picked":["FTL","Hologram"],"picked":"Darkness","floor":48},{"not_picked":["Heatsinks","Core Surge","Gash"],"picked":"Singing Bowl","floor":55}],"player_experience":4058078,"relics_obtained":[{"floor":9,"key":"Pocketwatch"},{"floor":11,"key":"Unceasing Top"},{"floor":13,"key":"CeramicFish"},{"floor":26,"key":"Centennial Puzzle"},{"floor":31,"key":"Eternal Feather"},{"floor":41,"key":"Strawberry"},{"floor":45,"key":"Singing Bowl"},{"floor":55,"key":"Pen Nib"}],"event_choices":[{"damage_healed":0,"gold_gain":75,"player_choice":"Gather Gold","damage_taken":11,"max_hp_gain":0,"max_hp_loss":0,"event_name":"World of Goop","floor":7,"gold_loss":0},{"damage_healed":0,"gold_gain":50,"player_choice":"Pray","damage_taken":0,"max_hp_gain":0,"max_hp_loss":0,"event_name":"Golden Shrine","floor":27,"gold_loss":0}],"is_beta":false,"boss_relics":[{"not_picked":["Fusion Hammer","Sozu"],"picked":"SlaversCollar"},{"not_picked":["FrozenCore","Tiny House"],"picked":"Nuclear Battery"}],"items_purged_floors":[5,25,36,54],"is_endless":false,"potions_floor_spawned":[2,4,11,13,14,18,21,30,39,41,45,46,55],"killed_by":"The Heart","ascension_level":20,"potion_discard_per_floor":[[],[],[],[],[],[],[],[],[],[],["FearPotion"],[],[],[],[],[],[],[],[],[],[],[],[],[],[],[],[],[],[],[],[],[],[],[],[],[],[],[],[],[],[],[],[],[],[],["ColorlessPotion"],[],[],[],[],[],[],[],[],[],[]]}