{"neow_bonuses_skipped_log":["THREE_ENEMY_KILL"],"potions_obtained_entropic_brew":[[],[],[],[],[],[],[],[],[],[],[],[],[],[],[],[],[],[],[],[],[],[],[],[],[],[],[],[],[],[],[],[],[]],"neow_costs_skipped_log":["NONE"],"gold_per_floor":[116,133,149,149,164,164,199,209,262,277,295,295,305,335,335,413,413,426,446,32,43,63,63,96,46,46,64,81,81,113,132,132,132],"floor_reached":33,"playtime":5085,"items_purged":["Scrape"],"score":610,"play_id":"49fb1e45-01f5-483d-abfc-689501f4fbbc","local_time":"20221011213315","score_breakdown":["Floors Climbed (33): 165","Enemies Slain (15): 30","Exordium Elites Killed (2): 20","City Elites Killed (2): 40","Bosses Slain (1): 50","Ascension (20): 305"],"is_ascension_mode":true,"potions_obtained_alchemize":[[],[],[],[],[],[],[],[],[],[],[],[],[],[],[],[],[],[],[],[],[],[],[],[],[],[],[],[],[],[],[],[],[]],"campfire_choices":[{"data":"Hyperbeam","floor":6,"key":"SMITH"},{"floor":12,"key":"REST"},{"data":"Beam Cell","floor":15,"key":"SMITH"},{"floor":23,"key":"REST"},{"floor":29,"key":"REST"},{"floor":32,"key":"REST"}],"lesson_learned_per_floor":[[],[],[],[],[],[],[],[],[],[],[],[],[],[],[],[],[],[],[],[],[],[],[],[],[],[],[],[],[],[],[],[],[]],"neow_cost":"NONE","improvable_cards":{"Genetic Algorithm":[17]},"seed_source_timestamp":13096475408214,"shop_contents":[{"floor":20,"relics":["Strawberry","Lee\u0027s Waffle"],"cards":["Core Surge","Gash","Reinforced Body","Double Energy","Heatsinks","Good Instincts","Thinking Ahead"],"potions":["EssenceOfDarkness","Block Potion"]}],"circlet_count":0,"master_deck":["AscendersBane","Zap+1","Dualcast+1","Reinforced Body","Ball Lightning","Compile Driver","Hyperbeam+1","Hologram","Doom and Gloom","Beam Cell+1","Self Repair","Cold Snap","Conserve Battery","Seek","BootSequence","Tempest","Rip and Tear","Core Surge","Gash","Darkness","Genetic Algorithm","Rebound","Conserve Battery+1","Meteor Strike","Redo","Hologram","Undo"],"potion_use_per_floor":[[],[],[],[],["Explosive Potion"],[],["Energy Potion"],[],[],[],[],[],[],[],[],["Weak Potion","FearPotion"],[],[],[],[],[],[],[],[],[],[],[],[],[],[],[],[],["FocusPotion"]],"relics":["Cracked Core","Anchor","Sundial","Pandora\u0027s Box","Bottled Lightning","War Paint","Molten Egg 2","Regal Pillow"],"potions_floor_usage":[5,7,16,16,33],"damage_taken":[{"damage":15,"enemies":"Small Slimes","floor":1,"turns":4},{"damage":0,"enemies":"2 Louse","floor":2,"turns":1},{"damage":0,"enemies":"Cultist","floor":3,"turns":3},{"damage":6,"enemies":"Exordium Wildlife","floor":5,"turns":2},{"damage":17,"enemies":"Lagavulin","floor":7,"turns":5},{"damage":10,"enemies":"Gremlin Gang","floor":8,"turns":3},{"damage":0,"enemies":"3 Louse","floor":10,"turns":1},{"damage":11,"enemies":"Looter","floor":11,"turns":3},{"damage":0,"enemies":"Exordium Wildlife","floor":13,"turns":3},{"damage":11,"enemies":"Gremlin Nob","floor":14,"turns":3},{"damage":32,"enemies":"Slime Boss","floor":16,"turns":7},{"damage":13,"enemies":"2 Thieves","floor":18,"turns":4},{"damage":0,"enemies":"Chosen","floor":19,"turns":3},{"damage":49,"enemies":"Shelled Parasite and Fungi","floor":21,"turns":5},{"damage":13,"enemies":"Centurion and Healer","floor":22,"turns":3},{"damage":10,"enemies":"Slavers","floor":24,"turns":4},{"damage":0,"enemies":"3 Cultists","floor":27,"turns":3},{"damage":24,"enemies":"Snake Plant","floor":28,"turns":5},{"damage":11,"enemies":"Book of Stabbing","floor":30,"turns":4},{"damage":20,"enemies":"Shelled Parasite and Fungi","floor":31,"turns":4},{"damage":72,"enemies":"Automaton","floor":33,"turns":10}],"seed_played":"4063175176845043367","neow_bonus_log":{"cardsObtained":[],"cardsUpgraded":[],"cardsRemoved":[],"cardsTransformed":[],"relicsObtained":[],"maxHpGained":7,"goldGained":0,"damageTaken":0,"goldLost":0,"maxHpLost":0},"potions_obtained":[{"floor":1,"key":"Explosive Potion"},{"floor":2,"key":"FearPotion"},{"floor":5,"key":"Energy Potion"},{"floor":8,"key":"Weak Potion"},{"floor":21,"key":"EntropicBrew"},{"floor":27,"key":"PotionOfCapacity"}],"is_trial":false,"path_per_floor":["M","M","M","?","M","R","E","M","T","M","M","R","M","E","R","B",null,"M","M","$","M","M","R","E","?","T","M","M","R","E","M","R","B"],"character_chosen":"DEFECT","items_purchased":["Bottled Lightning","FocusPotion"],"campfire_rested":4,"item_purchase_floors":[20,20],"current_hp_per_floor":[56,56,56,56,50,50,33,23,23,23,19,42,49,38,38,13,62,56,63,63,21,8,31,28,28,28,35,18,41,37,24,62,0],"gold":132,"neow_bonus":"TEN_PERCENT_HP_BONUS","is_prod":false,"is_daily":false,"rewards_skipped":[{"floor":11,"relics":[],"potions":["FocusPotion"]},{"floor":31,"relics":[],"potions":["LiquidMemories"]}],"chose_seed":false,"campfire_upgraded":2,"win_rate":0,"floor_exit_playtime":[210,277,311,359,616,628,1212,1311,1353,1374,1545,1555,1641,1929,1950,2811,2915,3070,3195,3288,3664,3755,3760,3933,3955,3958,4115,4238,4249,4406,4699,4705],"timestamp":1665538395,"blue_key_relic_skipped_log":{"floor":9,"relicID":"Boot"},"path_taken":["M","M","M","?","M","R","E","M","T","M","M","R","M","E","R","BOSS","M","M","$","M","M","R","E","?","T","M","M","R","E","M","R","BOSS"],"build_version":"2022-10-04","purchased_purges":1,"victory":false,"max_hp_per_floor":[78,78,78,78,78,78,78,78,78,78,78,78,78,78,78,78,78,78,78,78,78,78,78,78,78,78,78,78,78,78,78,78,78],"relic_stats":{"Regal Pillow":15,"counters":[21,80],"Sundial":[4],"Pandora\u0027s Box":["BootSequence","Tempest","Rip and Tear","Core Surge","Gash","Scrape","Darkness"],"Bottled Lightning":"Seek","War Paint":["Zap","Dualcast"],"obtain_stats":[{"Anchor":7,"Regal Pillow":30,"Sundial":14,"Pandora\u0027s Box":17,"Molten Egg 2":26,"Bottled Lightning":20,"War Paint":24,"Cracked Core":0},{"Anchor":5,"Regal Pillow":19,"Sundial":10,"Pandora\u0027s Box":11,"Molten Egg 2":16,"Bottled Lightning":13,"War Paint":16,"Cracked Core":0},{"Anchor":15,"Regal Pillow":66,"Sundial":28,"Pandora\u0027s Box":35,"Molten Egg 2":54,"Bottled Lightning":42,"War Paint":54,"Cracked Core":0}]},"card_choices":[{"not_picked":["Coolheaded","Chill"],"picked":"Reinforced Body","floor":1},{"not_picked":["Genetic Algorithm","Skim"],"picked":"Ball Lightning","floor":2},{"not_picked":["Leap","Go for the Eyes"],"picked":"Compile Driver","floor":3},{"not_picked":["Tempest","Streamline"],"picked":"Hologram","floor":5},{"not_picked":["Streamline","Compile Driver"],"picked":"Doom and Gloom","floor":7},{"not_picked":["Sweeping Beam","Tempest"],"picked":"Beam Cell","floor":8},{"not_picked":["Cold Snap","Stack"],"picked":"Self Repair","floor":10},{"not_picked":["Sweeping Beam","Blizzard"],"picked":"Cold Snap","floor":11},{"not_picked":["Force Field","Aggregate","Beam Cell"],"picked":"SKIP","floor":13},{"not_picked":["Barrage","Steam Power"],"picked":"Conserve Battery","floor":14},{"not_picked":["Multi-Cast","Meteor Strike"],"picked":"Seek","floor":16},{"not_picked":["Rip and Tear+1","Redo"],"picked":"Genetic Algorithm","floor":18},{"not_picked":["Capacitor","Cold Snap","Gash"],"picked":"SKIP","floor":19},{"not_picked":["Gash","Stack"],"picked":"Rebound","floor":21},{"not_picked":["Reinforced Body","Rebound"],"picked":"Conserve Battery+1","floor":22},{"not_picked":["Go for the Eyes","Streamline"],"picked":"Meteor Strike","floor":24},{"not_picked":["Rebound+1","Streamline+1","Barrage+1"],"picked":"SKIP","floor":27},{"not_picked":["Stack","Steam"],"picked":"Redo","floor":28},{"not_picked":["Scrape+1","Sunder+1"],"picked":"Hologram","floor":30},{"not_picked":["Beam Cell+1","Barrage+1"],"picked":"Undo","floor":31}],"player_experience":4154232,"relics_obtained":[{"floor":7,"key":"Anchor"},{"floor":14,"key":"Sundial"},{"floor":24,"key":"War Paint"},{"floor":26,"key":"Molten Egg 2"},{"floor":30,"key":"Regal Pillow"}],"event_choices":[{"damage_healed":0,"gold_gain":0,"cards_transformed":["Defend_B"],"player_choice":"Change","damage_taken":0,"max_hp_gain":0,"max_hp_loss":0,"event_name":"Living Wall","floor":4,"gold_loss":0,"cards_obtained":["Hyperbeam"]},{"damage_healed":0,"gold_gain":0,"player_choice":"Bet on Murderer","damage_taken":0,"max_hp_gain":0,"max_hp_loss":0,"event_name":"The Joust","floor":25,"gold_loss":50}],"is_beta":false,"boss_relics":[{"not_picked":["Calling Bell","Velvet Choker"],"picked":"Pandora\u0027s Box"}],"items_purged_floors":[20],"is_endless":false,"potions_floor_spawned":[1,2,5,8,11,21,27,31],"killed_by":"Automaton","ascension_level":20,"potion_discard_per_floor":[[],[],[],[],[],[],[],[],[],[],[],[],[],[],[],[],[],[],[],[],[],[],[],[],[],[],["EntropicBrew"],[],[],[],[],[],[]]}