{"neow_bonuses_skipped_log":["THREE_CARDS","HUNDRED_GOLD","THREE_RARE_CARDS"],"neow_costs_skipped_log":["NONE","NONE","NO_GOLD"],"potions_obtained_entropic_brew":[[],[],[],[],[],[],[],[],[],[],[],[],[],[],[],[]],"gold_per_floor":[112,112,124,124,142,174,174,204,252,280,280,44,44,58,58,58],"floor_reached":16,"playtime":963,"items_purged":["Defend_B"],"score":236,"play_id":"65bd3de0-bf4c-4f6e-b146-163dc7bec9d9","local_time":"20221007202024","score_breakdown":["Floors Climbed (16): 80","Enemies Slain (4): 8","Exordium Elites Killed (3): 30","Bosses Slain (0): 0","Ascension (20): 118"],"is_ascension_mode":true,"potions_obtained_alchemize":[[],[],[],[],[],[],[],[],[],[],[],[],[],[],[],[]],"campfire_choices":[{"floor":7,"key":"REST"},{"data":"Zap","floor":11,"key":"SMITH"},{"floor":13,"key":"REST"},{"data":"Coolheaded","floor":15,"key":"SMITH"}],"lesson_learned_per_floor":[[],[],[],[],[],[],[],[],[],[],[],[],[],[],[],[]],"neow_cost":"NONE","improvable_cards":{"Genetic Algorithm":[11]},"seed_source_timestamp":14898298578327,"shop_contents":[{"floor":12,"relics":["Oddly Smooth Stone","Bird Faced Urn"],"cards":["Blizzard","Compile Driver","Multi-Cast","Conserve Battery","Capacitor","Impatience","Panache"],"potions":["LiquidMemories","Regen Potion","PowerPotion"]}],"circlet_count":0,"master_deck":["AscendersBane","Strike_B","Strike_B","Strike_B","Strike_B+1","Defend_B+1","Defend_B","Defend_B","Zap+1","Dualcast","CurseOfTheBell","Cold Snap","Coolheaded+1","Genetic Algorithm","Ball Lightning","Self Repair","Go for the Eyes"],"potion_use_per_floor":[[],[],[],[],[],[],[],["BlessingOfTheForge"],[],["DistilledChaos"],[],[],[],[],[],["FearPotion"]],"relics":["Calling Bell","Bag of Preparation","HornCleat","Gambling Chip","Cables","Omamori","Nunchaku","Mango","ClockworkSouvenir"],"potions_floor_usage":[8,10,16],"damage_taken":[{"damage":2,"enemies":"Jaw Worm","floor":1,"turns":6},{"damage":0,"enemies":"Small Slimes","floor":3,"turns":3},{"damage":0,"enemies":"Cultist","floor":5,"turns":3},{"damage":33,"enemies":"Lagavulin","floor":6,"turns":11},{"damage":21,"enemies":"Gremlin Nob","floor":8,"turns":4},{"damage":6,"enemies":"3 Sentries","floor":10,"turns":7},{"damage":3,"enemies":"Exordium Wildlife","floor":14,"turns":6},{"damage":49,"enemies":"Slime Boss","floor":16,"turns":10}],"seed_played":"-966601346470671442","neow_bonus_log":{"cardsObtained":[],"cardsUpgraded":[],"cardsRemoved":[],"cardsTransformed":[],"relicsObtained":["Calling Bell"],"maxHpGained":0,"goldGained":0,"damageTaken":0,"goldLost":0,"maxHpLost":0},"potions_obtained":[{"floor":3,"key":"BlessingOfTheForge"},{"floor":8,"key":"DistilledChaos"},{"floor":10,"key":"FearPotion"}],"is_trial":false,"path_per_floor":["M","?","M","?","M","E","R","E","T","E","R","$","R","M","R","B"],"character_chosen":"DEFECT","items_purchased":["ClockworkSouvenir"],"campfire_rested":2,"item_purchase_floors":[12],"current_hp_per_floor":[62,41,41,41,41,8,29,8,8,16,16,16,41,45,45,0],"gold":58,"neow_bonus":"BOSS_RELIC","is_prod":false,"is_daily":false,"rewards_skipped":[],"chose_seed":false,"campfire_upgraded":2,"win_rate":0,"floor_exit_playtime":[162,166,204,210,242,383,387,475,482,600,627,662,683,775,781],"timestamp":1665188424,"path_taken":["M","?","M","?","M","E","R","E","T","E","R","$","R","M","R","BOSS"],"build_version":"2022-10-04","purchased_purges":1,"victory":false,"max_hp_per_floor":[71,71,71,71,71,71,71,71,71,85,85,85,85,85,85,85],"relic_stats":{"Nunchaku":[3],"counters":[8,50],"Gambling Chip":[43],"Bag of Preparation":[16],"Omamori":0,"obtain_stats":[{"Calling Bell":0,"Nunchaku":9,"HornCleat":0,"Gambling Chip":0,"Mango":10,"Bag of Preparation":0,"Omamori":8,"Cracked Core":0,"Cables":6,"ClockworkSouvenir":12},{"Calling Bell":0,"Nunchaku":5,"HornCleat":0,"Gambling Chip":0,"Mango":6,"Bag of Preparation":0,"Omamori":5,"Cracked Core":0,"Cables":4,"ClockworkSouvenir":6},{"Calling Bell":0,"Nunchaku":27,"HornCleat":0,"Gambling Chip":0,"Mango":34,"Bag of Preparation":0,"Omamori":27,"Cracked Core":0,"Cables":23,"ClockworkSouvenir":34}],"Cables":[24,9,15,0,0]},"card_choices":[{"not_picked":["Turbo","Loop"],"picked":"Cold Snap","floor":1},{"not_picked":["Beam Cell","Capacitor"],"picked":"Coolheaded","floor":3},{"not_picked":["Stack","Steam"],"picked":"Genetic Algorithm","floor":5},{"not_picked":["White Noise","Conserve Battery"],"picked":"Ball Lightning","floor":6},{"not_picked":["Sweeping Beam","Barrage","Ball Lightning"],"picked":"SKIP","floor":8},{"not_picked":["Reboot","Cold Snap"],"picked":"Self Repair","floor":10},{"not_picked":["Sweeping Beam","Stack"],"picked":"Go for the Eyes","floor":14}],"player_experience":4107841,"relics_obtained":[{"floor":0,"key":"Bag of Preparation"},{"floor":0,"key":"HornCleat"},{"floor":0,"key":"Gambling Chip"},{"floor":6,"key":"Cables"},{"floor":8,"key":"Omamori"},{"floor":9,"key":"Nunchaku"},{"floor":10,"key":"Mango"}],"event_choices":[{"damage_healed":0,"gold_gain":0,"player_choice":"Entered Light","damage_taken":21,"max_hp_gain":0,"max_hp_loss":0,"event_name":"Shining Light","floor":2,"gold_loss":0,"cards_upgraded":["Defend_B","Strike_B"]},{"damage_healed":0,"gold_gain":0,"player_choice":"Ignored","damage_taken":0,"max_hp_gain":0,"max_hp_loss":0,"event_name":"Liars Game","floor":4,"gold_loss":0}],"is_beta":false,"boss_relics":[],"items_purged_floors":[12],"is_endless":false,"potions_floor_spawned":[3,8,10],"killed_by":"Slime Boss","ascension_level":20,"potion_discard_per_floor":[[],[],[],[],[],[],[],[],[],[],[],[],[],[],[],[]]}