{"neow_bonuses_skipped_log":["REMOVE_CARD","HUNDRED_GOLD","BOSS_RELIC"],"neow_costs_skipped_log":["NONE","NONE","NONE"],"potions_obtained_entropic_brew":[[],[],[],[],[],[],[],[],[],[],[],[],[],[],[],[],[],[],[],[],[],[],[],[],[],[],[],[],[],[],[],[],[],[],[],[],[],[],[],[],[],[],[],[],[],[],[],[],[],[],[],[],[],[],[],[],[]],"gold_per_floor":[111,36,56,56,72,111,111,149,231,270,38,59,82,157,157,252,252,277,277,277,295,320,320,60,60,105,136,136,176,91,127,127,226,226,240,265,283,616,631,665,665,700,723,734,448,448,81,101,101,101,101,101,101,47,76,76],"floor_reached":57,"playtime":6068,"items_purged":["Strike_B","Defend_B","Defend_B","Strike_B"],"score":3051,"play_id":"4d9c51d4-27e9-4d6b-a097-98a7339b8b33","local_time":"20221105234758","score_breakdown":["Floors Climbed (57): 285","Enemies Slain (14): 28","Exordium Elites Killed (3): 30","City Elites Killed (3): 60","Beyond Elites Killed (2): 60","Bosses Slain (5): 750","Money Money (1336): 25","Champion (5): 125","Perfect (1): 50","Ascension (20): 1388","Heartbreaker: 250"],"is_ascension_mode":true,"potions_obtained_alchemize":[[],[],[],[],[],[],[],[],[],[],[],[],[],[],[],[],[],[],[],[],[],[],[],[],[],[],[],[],[],[],[],[],[],[],[],[],[],[],[],[],[],[],[],[],[],[],[],[],[],[],[],[],[],[],[],[],[]],"campfire_choices":[{"data":"Hyperbeam","floor":7,"key":"SMITH"},{"data":"Coolheaded","floor":15,"key":"SMITH"},{"data":"Sunder","floor":23,"key":"SMITH"},{"data":"Seek","floor":25,"key":"SMITH"},{"data":"Hologram","floor":28,"key":"SMITH"},{"data":"Coolheaded","floor":32,"key":"SMITH"},{"floor":41,"key":"RECALL"},{"data":"Darkness","floor":46,"key":"SMITH"},{"data":"Ghostly","floor":49,"key":"SMITH"},{"data":"Reinforced Body","floor":53,"key":"SMITH"}],"lesson_learned_per_floor":[[],[],[],[],[],[],[],[],[],[],[],[],[],[],[],[],[],[],[],[],[],[],[],[],[],[],[],[],[],[],[],[],[],[],[],[],[],[],[],[],[],[],[],[],[],[],[],[],[],[],[],[],[],[],[],[],[]],"neow_cost":"TEN_PERCENT_HP_LOSS","improvable_cards":{},"seed_source_timestamp":35330088986015,"shop_contents":[{"floor":11,"relics":["Gambling Chip","TheAbacus"],"cards":["Cold Snap","Melter","Genetic Algorithm","Aggregate","Storm","Blind","Transmutation"],"potions":["LiquidBronze","SmokeBomb","SpeedPotion"]},{"floor":24,"relics":["Pen Nib","Whetstone"],"cards":["Thunder Strike","Rip and Tear","Coolheaded","Redo","Loop","Swift Strike","Magnetism"],"potions":["Energy Potion","Fire Potion","FearPotion"]},{"floor":45,"relics":["TungstenRod","Lee\u0027s Waffle"],"cards":["Sunder","Beam Cell","White Noise","Amplify","Self Repair","Flash of Steel","Mayhem"],"potions":["Weak Potion","Explosive Potion","CultistPotion"]},{"floor":47,"relics":["Frozen Egg 2","Peace Pipe"],"cards":["Streamline","Gash","Hologram","Turbo","Capacitor","Madness","Apotheosis"],"potions":["CultistPotion","Strength Potion"]},{"floor":54,"relics":["Sundial","War Paint","Strange Spoon"],"cards":["Rip and Tear","Melter","Recycle","Redo","Capacitor","Good Instincts","Sadistic Nature"],"potions":["AttackPotion","SkillPotion"]}],"circlet_count":0,"master_deck":["AscendersBane","Defend_B","Defend_B","Dualcast","Hyperbeam+1","Coolheaded+1","Conserve Battery","Ball Lightning","FTL","Hologram+1","Coolheaded+1","Cold Snap","Reinforced Body+1","Echo Form","Sunder+1","Glacier","Glacier","Ghostly","Ghostly","Ghostly+1","Sunder+1","Coolheaded+1","Seek+1","Aggregate","Doom and Gloom","Barrage+1","Echo Form","Go for the Eyes+1","Hologram+1","Darkness+1"],"potion_use_per_floor":[[],[],[],[],[],[],[],[],[],[],[],[],[],[],[],["CultistPotion"],[],[],[],[],[],[],[],[],[],[],[],[],[],[],[],[],[],[],[],[],[],[],[],[],[],[],[],[],[],[],[],[],[],[],[],[],[],[],["Swift Potion"],["FocusPotion","FocusPotion","Block Potion"],[]],"relics":["Cracked Core","Mango","Toy Ornithopter","Pear","Oddly Smooth Stone","Anchor","Velvet Choker","Orrery","CaptainsWheel","MealTicket","Strawberry","Bottled Lightning","Inserter","Art of War","Regal Pillow","Bronze Scales","Potion Belt","Chemical X","StrikeDummy"],"potions_floor_usage":[16,55,56,56,56],"damage_taken":[{"damage":2,"enemies":"Jaw Worm","floor":1,"turns":2},{"damage":6,"enemies":"2 Louse","floor":3,"turns":2},{"damage":0,"enemies":"Small Slimes","floor":5,"turns":3},{"damage":19,"enemies":"3 Sentries","floor":6,"turns":4},{"damage":12,"enemies":"Gremlin Nob","floor":8,"turns":3},{"damage":5,"enemies":"3 Sentries","floor":10,"turns":3},{"damage":0,"enemies":"Exordium Wildlife","floor":12,"turns":2},{"damage":2,"enemies":"3 Louse","floor":13,"turns":2},{"damage":30,"enemies":"The Guardian","floor":16,"turns":14},{"damage":3,"enemies":"Shell Parasite","floor":18,"turns":4},{"damage":0,"enemies":"Spheric Guardian","floor":21,"turns":8},{"damage":0,"enemies":"Centurion and Healer","floor":22,"turns":7},{"damage":0,"enemies":"Slavers","floor":27,"turns":10},{"damage":0,"enemies":"Gremlin Leader","floor":29,"turns":7},{"damage":0,"enemies":"Slavers","floor":31,"turns":5},{"damage":9,"enemies":"Collector","floor":33,"turns":14},{"damage":0,"enemies":"3 Shapes","floor":35,"turns":6},{"damage":0,"enemies":"Orb Walker","floor":36,"turns":3},{"damage":0,"enemies":"Sphere and 2 Shapes","floor":37,"turns":7},{"damage":0,"enemies":"4 Shapes","floor":39,"turns":5},{"damage":0,"enemies":"Reptomancer","floor":40,"turns":6},{"damage":0,"enemies":"Nemesis","floor":42,"turns":7},{"damage":0,"enemies":"3 Darklings","floor":44,"turns":2},{"damage":0,"enemies":"Maw","floor":48,"turns":7},{"damage":2,"enemies":"Awakened One","floor":50,"turns":17},{"damage":0,"enemies":"Time Eater","floor":51,"turns":14},{"damage":22,"enemies":"Shield and Spear","floor":55,"turns":11},{"damage":31,"enemies":"The Heart","floor":56,"turns":12}],"green_key_taken_log":6,"seed_played":"-1999374063609993464","neow_bonus_log":{"cardsObtained":[],"cardsUpgraded":[],"cardsRemoved":[],"cardsTransformed":[],"relicsObtained":[],"maxHpGained":0,"goldGained":0,"damageTaken":0,"goldLost":0,"maxHpLost":7},"potions_obtained":[{"floor":1,"key":"CultistPotion"},{"floor":6,"key":"SneckoOil"},{"floor":8,"key":"ColorlessPotion"},{"floor":21,"key":"EssenceOfSteel"},{"floor":22,"key":"Energy Potion"},{"floor":31,"key":"FocusPotion"},{"floor":42,"key":"Energy Potion"},{"floor":44,"key":"FocusPotion"}],"is_trial":false,"path_per_floor":["M","?","M","?","M","E","R","E","T","E","$","M","M","?","R","B",null,"M","?","?","M","M","R","$","R","T","E","R","E","?","E","R","B",null,"M","M","M","?","M","E","R","E","T","M","$","R","$","M","R","B","B",null,"R","$","E","B",null],"character_chosen":"DEFECT","items_purchased":["Anchor","Orrery","Potion Belt","Chemical X","Swift Potion","Block Potion"],"campfire_rested":0,"item_purchase_floors":[11,24,45,47,47,54],"current_hp_per_floor":[62,62,56,56,56,51,51,39,49,44,44,44,42,31,31,6,63,60,60,41,41,41,41,41,41,41,41,41,41,48,48,48,39,46,46,46,46,46,46,46,46,46,46,46,48,48,48,48,48,46,46,48,48,48,27,11],"gold":76,"neow_bonus":"THREE_RARE_CARDS","is_prod":false,"is_daily":false,"rewards_skipped":[{"floor":12,"relics":[],"potions":["ColorlessPotion"]},{"floor":13,"relics":[],"potions":["BlessingOfTheForge"]},{"floor":27,"relics":[],"potions":["Dexterity Potion"]},{"floor":37,"relics":[],"potions":["SteroidPotion"]},{"floor":39,"relics":[],"potions":["SpeedPotion"]}],"chose_seed":false,"campfire_upgraded":9,"win_rate":0,"floor_exit_playtime":[142,146,175,179,234,300,306,423,449,500,569,603,643,646,654,952,1021,1103,1137,1158,1252,1338,1344,1467,1487,1491,1716,1722,1889,1912,2050,2090,2355,2438,2574,2635,2818,2827,2930,3037,3041,3225,3230,3294,3342,3349,3407,3518,3537,3829,4120,4132,4145,4200,4624,6068],"timestamp":1667706478,"blue_key_relic_skipped_log":{"floor":26,"relicID":"Juzu Bracelet"},"path_taken":["M","?","M","?","M","E","R","E","T","E","$","M","M","?","R","BOSS","M","?","?","M","M","R","$","R","T","E","R","E","?","E","R","BOSS","M","M","M","?","M","E","R","E","T","M","$","R","$","M","R","BOSS","BOSS","R","$","E","BOSS"],"build_version":"2022-10-04","purchased_purges":4,"victory":true,"max_hp_per_floor":[64,64,64,58,58,72,72,72,82,82,82,82,82,82,82,82,82,82,82,41,41,41,41,41,41,41,41,41,41,48,48,48,48,48,48,48,48,48,48,48,48,48,48,48,48,48,48,48,48,48,48,48,48,48,48,48],"relic_stats":{"Regal Pillow":0,"Inserter":[46],"counters":[28,187],"Bronze Scales":[394],"MealTicket":2,"Art of War":[18],"Bottled Lightning":"Seek","Chemical X":[18],"obtain_stats":[{"Potion Belt":45,"Regal Pillow":42,"Pear":9,"Inserter":34,"Golden Idol":4,"Oddly Smooth Stone":10,"Velvet Choker":17,"Mango":6,"Anchor":11,"CaptainsWheel":27,"Strawberry":30,"Bronze Scales":43,"Orrery":24,"MealTicket":29,"Art of War":40,"Bottled Lightning":31,"Chemical X":47,"Cracked Core":0,"StrikeDummy":55,"Toy Ornithopter":8},{"Potion Belt":23,"Regal Pillow":22,"Pear":5,"Inserter":16,"Golden Idol":2,"Oddly Smooth Stone":6,"Velvet Choker":9,"Mango":4,"Anchor":6,"CaptainsWheel":13,"Strawberry":14,"Bronze Scales":22,"Orrery":12,"MealTicket":14,"Art of War":21,"Bottled Lightning":15,"Chemical X":23,"Cracked Core":0,"StrikeDummy":27,"Toy Ornithopter":5},{"Potion Belt":126,"Regal Pillow":124,"Pear":14,"Inserter":90,"Golden Idol":4,"Oddly Smooth Stone":17,"Velvet Choker":35,"Mango":11,"Anchor":17,"CaptainsWheel":64,"Strawberry":71,"Bronze Scales":124,"Orrery":54,"MealTicket":71,"Art of War":117,"Bottled Lightning":76,"Chemical X":126,"Cracked Core":0,"StrikeDummy":175,"Toy Ornithopter":14}],"Toy Ornithopter":21},"card_choices":[{"not_picked":["Machine Learning","Fission"],"picked":"Hyperbeam","floor":0},{"not_picked":["Barrage","Turbo"],"picked":"Coolheaded","floor":1},{"not_picked":["White Noise","Loop"],"picked":"Conserve Battery","floor":3},{"not_picked":["Conserve Battery","Gash"],"picked":"Ball Lightning","floor":5},{"not_picked":["Force Field","Go for the Eyes"],"picked":"FTL","floor":6},{"not_picked":["FTL","Capacitor"],"picked":"Hologram","floor":8},{"not_picked":["White Noise","All For One"],"picked":"Coolheaded","floor":10},{"not_picked":["Scrape","Streamline"],"picked":"Cold Snap","floor":12},{"not_picked":["FTL","Redo"],"picked":"Reinforced Body","floor":13},{"not_picked":["Buffer","Reboot"],"picked":"Echo Form","floor":16},{"not_picked":["Reinforced Body","Glacier"],"picked":"Sunder","floor":18},{"not_picked":["Double Energy","Barrage"],"picked":"Sunder+1","floor":21},{"not_picked":["Barrage","Sunder"],"picked":"Coolheaded+1","floor":22},{"not_picked":["Compile Driver+1","Turbo"],"picked":"Seek","floor":24},{"not_picked":["All For One","Steam Power"],"picked":"Aggregate","floor":24},{"not_picked":["Static Discharge","Stack","Go for the Eyes"],"picked":"SKIP","floor":24},{"not_picked":["Barrage","Reinforced Body","Lockon"],"picked":"SKIP","floor":24},{"not_picked":["Force Field","Streamline","Lockon"],"picked":"SKIP","floor":24},{"not_picked":["Sweeping Beam","Redo","Hello World"],"picked":"SKIP","floor":27},{"not_picked":["Go for the Eyes","Streamline+1"],"picked":"Doom and Gloom","floor":29},{"not_picked":["Steam","Go for the Eyes"],"picked":"Barrage+1","floor":31},{"not_picked":["Electrodynamics","Thunder Strike"],"picked":"Echo Form","floor":33},{"not_picked":["Glacier","Leap","Rip and Tear"],"picked":"SKIP","floor":35},{"not_picked":["Heatsinks","Scrape","Steam Power"],"picked":"SKIP","floor":36},{"not_picked":["Sweeping Beam+1","Chill"],"picked":"Go for the Eyes+1","floor":37},{"not_picked":["Rebound","Coolheaded","Turbo"],"picked":"SKIP","floor":39},{"not_picked":["Barrage","Ball Lightning+1","Coolheaded"],"picked":"SKIP","floor":40},{"not_picked":["Sunder","Darkness"],"picked":"Hologram+1","floor":42},{"not_picked":["Ball Lightning","Sweeping Beam"],"picked":"Darkness","floor":44},{"not_picked":["Conserve Battery","Doom and Gloom","Fission"],"picked":"SKIP","floor":48},{"not_picked":["Rebound","Coolheaded","Fusion+1"],"picked":"SKIP","floor":55}],"player_experience":4363031,"relics_obtained":[{"floor":6,"key":"Mango"},{"floor":8,"key":"Toy Ornithopter"},{"floor":9,"key":"Pear"},{"floor":10,"key":"Oddly Smooth Stone"},{"floor":27,"key":"CaptainsWheel"},{"floor":29,"key":"MealTicket"},{"floor":31,"key":"Bottled Lightning"},{"floor":40,"key":"Art of War"},{"floor":42,"key":"Regal Pillow"},{"floor":43,"key":"Bronze Scales"},{"floor":55,"key":"StrikeDummy"}],"event_choices":[{"cards_removed":["Strike_B"],"damage_healed":0,"gold_gain":0,"player_choice":"Card Removal","damage_taken":0,"max_hp_gain":0,"max_hp_loss":0,"event_name":"The Cleric","floor":2,"gold_loss":75},{"damage_healed":0,"gold_gain":0,"player_choice":"Lose Max HP","damage_taken":0,"relics_obtained":["Golden Idol"],"max_hp_gain":0,"max_hp_loss":6,"event_name":"Golden Idol","floor":4,"gold_loss":0},{"damage_healed":0,"gold_gain":75,"player_choice":"Gather Gold","damage_taken":11,"max_hp_gain":0,"max_hp_loss":0,"event_name":"World of Goop","floor":14,"gold_loss":0},{"damage_healed":0,"gold_gain":0,"cards_transformed":["Strike_B","Zap"],"player_choice":"Became Test Subject","damage_taken":0,"max_hp_gain":0,"max_hp_loss":0,"event_name":"Drug Dealer","floor":19,"gold_loss":0,"cards_obtained":["Glacier","Glacier"]},{"damage_healed":0,"gold_gain":0,"player_choice":"Became a Ghost","damage_taken":0,"max_hp_gain":0,"max_hp_loss":41,"event_name":"Ghosts","floor":20,"gold_loss":0,"cards_obtained":["Ghostly","Ghostly","Ghostly"]},{"damage_healed":0,"gold_gain":0,"player_choice":"Obtained Relic","damage_taken":0,"relics_obtained":["Strawberry"],"max_hp_gain":0,"max_hp_loss":0,"event_name":"Addict","floor":30,"gold_loss":85},{"damage_healed":0,"gold_gain":333,"player_choice":"Gave Idol","damage_taken":0,"max_hp_gain":0,"max_hp_loss":0,"event_name":"The Moai Head","floor":38,"relics_lost":["Golden Idol"],"gold_loss":0}],"is_beta":false,"boss_relics":[{"not_picked":["FrozenCore","SacredBark"],"picked":"Velvet Choker"},{"not_picked":["Astrolabe","Calling Bell"],"picked":"Inserter"}],"items_purged_floors":[11,24,45,47],"is_endless":false,"potions_floor_spawned":[1,6,8,12,13,21,22,27,31,37,39,42,44],"ascension_level":20,"potion_discard_per_floor":[[],[],[],[],[],[],[],["SneckoOil"],[],[],[],[],[],[],[],[],[],[],[],[],[],["EssenceOfSteel"],[],[],[],[],[],[],[],[],["ColorlessPotion"],[],[],[],[],[],[],[],[],[],[],["Energy Potion"],[],["Energy Potion"],[],[],[],[],[],[],[],[],[],[],[],[],[]]}