{"neow_bonuses_skipped_log":["TEN_PERCENT_HP_BONUS"],"neow_costs_skipped_log":["NONE"],"potions_obtained_entropic_brew":[[],[],[],[],[],[],[],[],[],[],[],[],[],[],[],[],[],[],[],[],[],[],[],[],[],[],[],[],[],[],[],[],[],[],[],[],[],[],[],[],[]],"gold_per_floor":[119,135,2,77,77,118,118,159,159,179,218,218,238,262,262,355,355,370,8,24,24,68,68,107,128,155,155,178,178,216,116,116,212,212,231,231,49,49,68,68,68],"floor_reached":41,"playtime":5620,"items_purged":["Strike_B","Strike_B","Strike_B"],"score":969,"play_id":"9587652e-2205-48f2-a74a-b155765d2ce6","local_time":"20221030194642","score_breakdown":["Floors Climbed (41): 205","Enemies Slain (11): 22","Exordium Elites Killed (3): 30","City Elites Killed (2): 40","Beyond Elites Killed (0): 0","Bosses Slain (2): 150","Collector (1): 25","Champion (1): 25","Ascension (20): 472"],"is_ascension_mode":true,"potions_obtained_alchemize":[[],[],[],[],[],[],[],[],[],[],[],[],[],[],[],[],[],[],[],[],[],[],[],[],[],[],[],[],[],[],[],[],[],[],[],[],[],[],[],[],[]],"campfire_choices":[{"data":"Beam Cell","floor":7,"key":"SMITH"},{"data":"Streamline","floor":12,"key":"SMITH"},{"data":"Conserve Battery","floor":15,"key":"SMITH"},{"floor":23,"key":"REST"},{"floor":27,"key":"REST"},{"floor":29,"key":"REST"},{"data":"Fission","floor":32,"key":"SMITH"},{"data":"Doom and Gloom","floor":40,"key":"SMITH"}],"lesson_learned_per_floor":[[],[],[],[],[],[],[],[],[],[],[],[],[],[],[],[],[],[],[],[],[],[],[],[],[],[],[],[],[],[],[],[],[],[],[],[],[],[],[],[],[]],"neow_cost":"NONE","improvable_cards":{},"seed_source_timestamp":20287459637434,"shop_contents":[{"floor":3,"relics":["Bronze Scales","White Beast Statue","Sling"],"cards":["Gash","Go for the Eyes","Conserve Battery","Reinforced Body","Good Instincts","Thinking Ahead"],"potions":["PowerPotion","Fire Potion"]},{"floor":19,"relics":["Blood Vial","Art of War","Medical Kit"],"cards":["Leap","Redo","Capacitor","Finesse","Violence"],"potions":["PowerPotion","DistilledChaos"]},{"floor":31,"relics":["Bottled Flame","Girya","OrangePellets"],"cards":["Barrage","Ball Lightning","Steam","Undo","Storm","Mind Blast","Metamorphosis"],"potions":["SpeedPotion","Energy Potion","Ancient Potion"]},{"floor":37,"relics":["Boot","Pantograph","Strange Spoon"],"cards":["Sweeping Beam","Thunder Strike","Steam","Self Repair","Discovery","Panache"],"potions":["BlessingOfTheForge","Explosive Potion","LiquidMemories"]}],"circlet_count":0,"master_deck":["AscendersBane","Strike_B","Defend_B","Defend_B","Defend_B","Defend_B","Zap","Dualcast","Streamline+1","Beam Cell+1","Self Repair","Conserve Battery+1","Ball Lightning","Steam","Cold Snap","Compile Driver","Chill","Machine Learning","Hello World","Meteor Strike","Compile Driver","Scrape","Fusion","Doom and Gloom+1","Compile Driver","Fission+1","Compile Driver","Echo Form","Coolheaded+1","Compile Driver"],"potion_use_per_floor":[[],[],[],[],[],[],[],["Explosive Potion"],[],[],["SteroidPotion"],[],[],[],[],["Strength Potion"],[],[],[],[],[],[],[],[],[],[],[],[],[],["FocusPotion"],[],[],["FocusPotion"],[],[],[],[],[],[],[],["SkillPotion"]],"relics":["Cracked Core","NeowsBlessing","Golden Idol","Mercury Hourglass","Dream Catcher","Anchor","Snecko Eye","Red Mask","Vajra","Happy Flower","Eternal Feather","SacredBark"],"potions_floor_usage":[8,11,16,30,33,41],"damage_taken":[{"damage":0,"enemies":"Jaw Worm","floor":1,"turns":1},{"damage":0,"enemies":"Small Slimes","floor":2,"turns":1},{"damage":0,"enemies":"Gremlin Nob","floor":6,"turns":1},{"damage":18,"enemies":"3 Sentries","floor":8,"turns":5},{"damage":0,"enemies":"Cultist","floor":10,"turns":2},{"damage":4,"enemies":"Gremlin Nob","floor":11,"turns":3},{"damage":0,"enemies":"Looter","floor":13,"turns":2},{"damage":0,"enemies":"Lots of Slimes","floor":14,"turns":3},{"damage":30,"enemies":"Hexaghost","floor":16,"turns":7},{"damage":18,"enemies":"Spheric Guardian","floor":18,"turns":4},{"damage":11,"enemies":"Shell Parasite","floor":20,"turns":4},{"damage":8,"enemies":"Masked Bandits","floor":22,"turns":3},{"damage":17,"enemies":"Gremlin Leader","floor":24,"turns":6},{"damage":25,"enemies":"Snake Plant","floor":25,"turns":4},{"damage":1,"enemies":"3 Cultists","floor":28,"turns":4},{"damage":9,"enemies":"Slavers","floor":30,"turns":3},{"damage":25,"enemies":"Automaton","floor":33,"turns":7},{"damage":4,"enemies":"Orb Walker","floor":35,"turns":3},{"damage":15,"enemies":"3 Darklings","floor":39,"turns":8},{"damage":70,"enemies":"Nemesis","floor":41,"turns":6}],"seed_played":"1838820265701493369","neow_bonus_log":{"cardsObtained":[],"cardsUpgraded":[],"cardsRemoved":[],"cardsTransformed":[],"relicsObtained":["NeowsBlessing"],"maxHpGained":0,"goldGained":0,"damageTaken":0,"goldLost":0,"maxHpLost":0},"potions_obtained":[{"floor":2,"key":"Strength Potion"},{"floor":8,"key":"SteroidPotion"},{"floor":18,"key":"FocusPotion"},{"floor":30,"key":"Explosive Potion"},{"floor":33,"key":"PotionOfCapacity"},{"floor":39,"key":"SkillPotion"}],"is_trial":false,"path_per_floor":["M","M","$","?","?","E","R","E","T","M","E","R","M","M","R","B",null,"M","$","M","?","?","R","E","M","T","R","M","R","E","$","R","B",null,"M","?","$","?","M","R","E"],"character_chosen":"DEFECT","items_purchased":["Explosive Potion","Self Repair","Meteor Strike","Compile Driver","FocusPotion","Coolheaded"],"campfire_rested":3,"item_purchase_floors":[3,3,19,19,19,37],"current_hp_per_floor":[64,64,64,53,53,60,60,49,49,56,59,59,59,59,59,36,57,46,46,42,42,34,53,43,18,18,37,36,55,46,46,61,43,59,62,52,52,52,37,55,0],"gold":68,"neow_bonus":"THREE_ENEMY_KILL","is_prod":false,"is_daily":false,"rewards_skipped":[{"floor":22,"relics":[],"potions":["SpeedPotion"]}],"chose_seed":false,"campfire_upgraded":5,"win_rate":0,"floor_exit_playtime":[132,177,324,328,341,400,407,728,784,865,941,995,1109,1210,1356,1521,1647,1935,2117,2304,2346,2523,2543,2846,3004,3007,3077,3215,3232,3427,3545,3554,3861,3929,4062,4110,4196,4205,4810,4839],"timestamp":1667173602,"blue_key_relic_skipped_log":{"floor":9,"relicID":"Bottled Lightning"},"path_taken":["M","M","$","?","?","E","R","E","T","M","E","R","M","M","R","BOSS","M","$","M","?","?","R","E","M","T","R","M","R","E","$","R","BOSS","M","?","$","?","M","R","E"],"build_version":"2022-10-04","purchased_purges":3,"victory":false,"max_hp_per_floor":[71,71,71,71,64,64,64,64,64,64,64,64,64,64,64,64,64,64,64,64,64,64,64,64,64,64,64,64,64,64,64,64,64,64,64,64,64,64,64,64,64],"relic_stats":{"Dream Catcher":3,"Happy Flower":[10],"counters":[20,76],"Golden Idol":123,"Snecko Eye":[130,120,131,111,-140],"Eternal Feather":33,"obtain_stats":[{"Dream Catcher":8,"Anchor":11,"NeowsBlessing":0,"Happy Flower":26,"Golden Idol":5,"SacredBark":34,"Snecko Eye":17,"Vajra":24,"Eternal Feather":30,"Red Mask":22,"Cracked Core":0,"Mercury Hourglass":6},{"Dream Catcher":4,"Anchor":6,"NeowsBlessing":0,"Happy Flower":14,"Golden Idol":2,"SacredBark":17,"Snecko Eye":9,"Vajra":13,"Eternal Feather":16,"Red Mask":12,"Cracked Core":0,"Mercury Hourglass":3},{"Dream Catcher":8,"Anchor":13,"NeowsBlessing":0,"Happy Flower":45,"Golden Idol":2,"SacredBark":59,"Snecko Eye":25,"Vajra":42,"Eternal Feather":52,"Red Mask":36,"Cracked Core":0,"Mercury Hourglass":3}],"Mercury Hourglass":[306]},"card_choices":[{"not_picked":["Gash","Stack"],"picked":"Streamline","floor":1},{"not_picked":["Genetic Algorithm","Coolheaded"],"picked":"Beam Cell","floor":2},{"not_picked":["Force Field","Amplify"],"picked":"Conserve Battery","floor":6},{"not_picked":["Skim","Fusion"],"picked":"Ball Lightning","floor":8},{"not_picked":["Blizzard","Turbo"],"picked":"Steam","floor":10},{"not_picked":["BootSequence","Tempest"],"picked":"Cold Snap","floor":11},{"not_picked":["FTL","Auto Shields"],"picked":"Compile Driver","floor":13},{"not_picked":["Heatsinks","Rebound"],"picked":"Chill","floor":14},{"not_picked":["Creative AI","Multi-Cast"],"picked":"Machine Learning","floor":16},{"not_picked":["Redo","Conserve Battery"],"picked":"Hello World","floor":18},{"not_picked":["Cold Snap","Static Discharge"],"picked":"Scrape","floor":20},{"not_picked":["Loop","FTL"],"picked":"Fusion","floor":22},{"not_picked":["Go for the Eyes","Hello World"],"picked":"Doom and Gloom","floor":23},{"not_picked":["Darkness+1","Steam","Scrape"],"picked":"SKIP","floor":24},{"not_picked":["Lockon","Rip and Tear"],"picked":"Compile Driver","floor":25},{"not_picked":["Conserve Battery","Beam Cell"],"picked":"Fission","floor":27},{"not_picked":["Loop","Rebound"],"picked":"Compile Driver","floor":28},{"not_picked":["Self Repair+1","Auto Shields","Loop"],"picked":"SKIP","floor":30},{"not_picked":["Thunder Strike","Biased Cognition"],"picked":"Echo Form","floor":33},{"not_picked":["Redo","Force Field","Self Repair"],"picked":"SKIP","floor":35},{"not_picked":["Jack Of All Trades","Deep Breath","Flash of Steel"],"picked":"SKIP","floor":36},{"not_picked":["Chrysalis","Mind Blast","Jack Of All Trades"],"picked":"SKIP","floor":36},{"not_picked":["Enlightenment","Trip","Thinking Ahead"],"picked":"SKIP","floor":36},{"not_picked":["Go for the Eyes+1","Streamline"],"picked":"Compile Driver","floor":39}],"player_experience":4299747,"relics_obtained":[{"floor":6,"key":"Mercury Hourglass"},{"floor":8,"key":"Dream Catcher"},{"floor":11,"key":"Anchor"},{"floor":22,"key":"Red Mask"},{"floor":24,"key":"Vajra"},{"floor":26,"key":"Happy Flower"},{"floor":30,"key":"Eternal Feather"}],"event_choices":[{"damage_healed":0,"gold_gain":75,"player_choice":"Gather Gold","damage_taken":11,"max_hp_gain":0,"max_hp_loss":0,"event_name":"World of Goop","floor":4,"gold_loss":0},{"damage_healed":0,"gold_gain":0,"player_choice":"Lose Max HP","damage_taken":0,"relics_obtained":["Golden Idol"],"max_hp_gain":0,"max_hp_loss":7,"event_name":"Golden Idol","floor":5,"gold_loss":0},{"damage_healed":0,"gold_gain":0,"player_choice":"Fought Bandits","damage_taken":0,"max_hp_gain":0,"max_hp_loss":0,"event_name":"Masked Bandits","floor":22,"gold_loss":0},{"damage_healed":0,"gold_gain":0,"player_choice":"Memory 3","damage_taken":10,"max_hp_gain":0,"max_hp_loss":0,"event_name":"SensoryStone","floor":36,"gold_loss":0},{"damage_healed":0,"gold_gain":0,"player_choice":"Upgraded","damage_taken":0,"max_hp_gain":0,"max_hp_loss":0,"event_name":"Upgrade Shrine","floor":38,"gold_loss":0,"cards_upgraded":["Coolheaded"]}],"is_beta":false,"boss_relics":[{"not_picked":["Ectoplasm","Inserter"],"picked":"Snecko Eye"},{"not_picked":["Calling Bell","Cursed Key"],"picked":"SacredBark"}],"items_purged_floors":[19,31,37],"is_endless":false,"potions_floor_spawned":[2,8,18,22,30,33,39],"killed_by":"Nemesis","ascension_level":20,"potion_discard_per_floor":[[],[],[],[],[],[],[],[],[],[],[],[],[],[],[],[],[],[],[],[],[],[],[],[],[],[],[],[],[],[],[],[],[],[],[],[],[],[],["PotionOfCapacity"],[],[]]}