{"neow_bonuses_skipped_log":["THREE_CARDS","TWENTY_PERCENT_HP_BONUS","BOSS_RELIC"],"potions_obtained_entropic_brew":[[],[],[],[],["EssenceOfDarkness","ColorlessPotion"],[],[],[],[],[],[],[],[],[],[],[],[],[],[],[],[],[],[],[],[],[],[],[],[],[],[],[],[],[],[],[],[],[],[],[],[],[],[],[],[],[],[],[],[],[],[],[],[],[],[],[],[]],"neow_costs_skipped_log":["NONE","CURSE","NONE"],"gold_per_floor":[212,222,234,159,174,205,41,61,61,87,148,148,174,174,174,247,247,267,267,280,36,36,61,61,61,111,125,152,152,166,194,194,268,268,286,297,1296,1311,1366,1366,1396,890,890,907,907,933,967,327,327,327,327,327,327,124,158,158],"floor_reached":57,"playtime":6703,"items_purged":["Strike_B","Strike_B","Normality","Normality"],"score":3357,"play_id":"c778c238-0bda-4937-9531-7ead90bef2f9","local_time":"20221118181801","score_breakdown":["Floors Climbed (57): 285","Enemies Slain (13): 26","Exordium Elites Killed (3): 30","City Elites Killed (3): 60","Beyond Elites Killed (3): 90","Bosses Slain (5): 750","Money Money (1891): 25","Collector (1): 25","Librarian: 25","Champion (6): 150","Perfect (2): 100","C-c-c-combo: 25","Ascension (20): 1516","Heartbreaker: 250"],"is_ascension_mode":true,"potions_obtained_alchemize":[[],[],[],[],[],[],[],[],[],[],[],[],[],[],[],[],[],[],[],[],[],[],[],[],[],[],[],[],[],[],[],[],[],[],[],[],[],[],[],[],[],[],[],[],[],[],[],[],[],[],[],[],[],[],[],[],[]],"campfire_choices":[{"floor":12,"key":"REST"},{"data":"Coolheaded","floor":15,"key":"SMITH"},{"floor":24,"key":"REST"},{"floor":29,"key":"REST"},{"data":"Reboot","floor":32,"key":"SMITH"},{"data":"Recycle","floor":40,"key":"SMITH"},{"floor":45,"key":"RECALL"},{"data":"Fission","floor":49,"key":"SMITH"},{"data":"Coolheaded","floor":53,"key":"SMITH"}],"lesson_learned_per_floor":[[],[],[],[],[],[],[],[],[],[],[],[],[],[],[],[],[],[],[],[],[],[],[],[],[],[],[],[],[],[],[],[],[],[],[],[],[],[],[],[],[],[],[],[],[],[],[],[],[],[],[],[],[],[],[],[],[]],"neow_cost":"NONE","improvable_cards":{},"seed_source_timestamp":6844622934579,"shop_contents":[{"floor":7,"relics":["Lizard Tail","Mummified Hand","TheAbacus"],"cards":["Go for the Eyes","Beam Cell","Reboot","Steam Power","Bandage Up","Metamorphosis"],"potions":["LiquidBronze","AttackPotion","Swift Potion"]},{"floor":21,"relics":["Regal Pillow","Omamori","Strange Spoon"],"cards":["Sunder","Reinforced Body","Loop","Forethought","Metamorphosis"],"potions":["LiquidBronze","EntropicBrew","SkillPotion"]},{"floor":42,"relics":["Orichalcum","Cauldron"],"cards":["Melter","Rebound","BootSequence","Storm","Finesse"],"potions":["Swift Potion","SneckoOil","SteroidPotion"]},{"floor":48,"relics":["Torii","Ornamental Fan"],"cards":["Cold Snap","White Noise","Conserve Battery","Swift Strike"],"potions":["Block Potion","FearPotion","AttackPotion"]},{"floor":54,"relics":["Ice Cream","PrismaticShard"],"cards":["Gash","Streamline","Steam Power","Chill","Bandage Up","The Bomb"],"potions":["AttackPotion","AttackPotion","SteroidPotion"]}],"circlet_count":0,"master_deck":["AscendersBane","Defend_B+1","Defend_B","Defend_B","Dualcast+1","Coolheaded+1","Sweeping Beam","Doom and Gloom","Electrodynamics","Coolheaded","Cold Snap+1","FTL","Echo Form","Meteor Strike","White Noise+1","Coolheaded","Recycle+1","Go for the Eyes","Chill+1","Shame","Go for the Eyes+1","Leap+1","Reboot+1","Fission+1","Double Energy+1","Biased Cognition+1","Fusion+1","Reinforced Body","Compile Driver+1","Rebound","Stack","Violence","Turbo","Coolheaded+1","Capacitor","Barrage","Secret Technique","Defragment","Coolheaded+1"],"potion_use_per_floor":[[],[],[],[],["EntropicBrew","ColorlessPotion"],[],[],[],[],["EssenceOfDarkness"],[],[],[],[],[],["EssenceOfSteel"],[],[],[],[],[],[],["DistilledChaos"],[],[],[],[],[],[],[],[],[],["FocusPotion"],[],[],[],[],[],["LiquidMemories"],[],[],[],[],[],[],[],[],[],[],[],[],[],[],[],[],["LiquidBronze","DuplicationPotion"],[]],"relics":["Cracked Core","HornCleat","Mercury Hourglass","Blue Candle","Gremlin Horn","Dead Branch","Runic Pyramid","Bag of Preparation","Cables","Pear","War Paint","Astrolabe","WingedGreaves","Kunai","Anchor","Bottled Tornado","Whetstone","Question Card","Runic Capacitor","DataDisk","Pen Nib"],"potions_floor_usage":[5,5,10,16,23,33,39,56,56],"damage_taken":[{"damage":1,"enemies":"2 Louse","floor":1,"turns":4},{"damage":9,"enemies":"Jaw Worm","floor":2,"turns":4},{"damage":2,"enemies":"Small Slimes","floor":3,"turns":4},{"damage":10,"enemies":"Exordium Wildlife","floor":5,"turns":8},{"damage":10,"enemies":"Lagavulin","floor":6,"turns":11},{"damage":5,"enemies":"2 Fungi Beasts","floor":8,"turns":3},{"damage":0,"enemies":"Gremlin Nob","floor":10,"turns":3},{"damage":26,"enemies":"Gremlin Nob","floor":11,"turns":4},{"damage":5,"enemies":"3 Sentries","floor":13,"turns":2},{"damage":3,"enemies":"The Guardian","floor":16,"turns":11},{"damage":3,"enemies":"3 Byrds","floor":18,"turns":3},{"damage":4,"enemies":"Spheric Guardian","floor":20,"turns":5},{"damage":22,"enemies":"Book of Stabbing","floor":23,"turns":5},{"damage":7,"enemies":"Snake Plant","floor":27,"turns":4},{"damage":14,"enemies":"Slavers","floor":28,"turns":3},{"damage":1,"enemies":"Centurion and Healer","floor":30,"turns":2},{"damage":0,"enemies":"Gremlin Leader","floor":31,"turns":6},{"damage":1,"enemies":"Collector","floor":33,"turns":11},{"damage":0,"enemies":"3 Darklings","floor":35,"turns":3},{"damage":0,"enemies":"3 Shapes","floor":36,"turns":3},{"damage":1,"enemies":"3 Darklings","floor":38,"turns":2},{"damage":26,"enemies":"2 Orb Walkers","floor":39,"turns":4},{"damage":3,"enemies":"Nemesis","floor":41,"turns":7},{"damage":1,"enemies":"Maw","floor":44,"turns":7},{"damage":2,"enemies":"Giant Head","floor":46,"turns":8},{"damage":1,"enemies":"Nemesis","floor":47,"turns":9},{"damage":8,"enemies":"Donu and Deca","floor":50,"turns":5},{"damage":1,"enemies":"Awakened One","floor":51,"turns":12},{"damage":1,"enemies":"Shield and Spear","floor":55,"turns":6},{"damage":37,"enemies":"The Heart","floor":56,"turns":9}],"green_key_taken_log":41,"seed_played":"-8768415917254379579","neow_bonus_log":{"cardsObtained":[],"cardsUpgraded":[],"cardsRemoved":[],"cardsTransformed":[],"relicsObtained":[],"maxHpGained":0,"goldGained":100,"damageTaken":0,"goldLost":0,"maxHpLost":0},"potions_obtained":[{"floor":1,"key":"EntropicBrew"},{"floor":10,"key":"EssenceOfSteel"},{"floor":16,"key":"DistilledChaos"},{"floor":23,"key":"FocusPotion"},{"floor":30,"key":"DuplicationPotion"},{"floor":33,"key":"LiquidMemories"},{"floor":39,"key":"SneckoOil"},{"floor":41,"key":"LiquidBronze"}],"is_trial":false,"path_per_floor":["M","M","M","?","M","E","$","M","T","E","?","R","E","?","R","B",null,"M","?","M","$","?","E","R","?","T","M","E","R","M","E","R","B",null,"M","M","?","M","?","R","E","$","T","M","R","E","E","$","R","B","B",null,"R","$","E","B",null],"character_chosen":"DEFECT","items_purchased":["Electrodynamics","Recycle","Go for the Eyes","Anchor","Stack","Violence","Runic Capacitor","Capacitor","Barrage","Secret Technique","DataDisk","Defragment"],"campfire_rested":3,"item_purchase_floors":[7,21,21,42,42,42,48,48,48,48,54,54],"current_hp_per_floor":[63,54,52,52,42,32,32,27,27,27,1,22,17,17,17,14,57,54,54,50,50,30,8,30,30,30,23,19,44,43,43,43,42,75,75,75,75,74,48,48,45,45,45,44,44,42,41,41,41,33,32,73,73,73,72,35],"gold":158,"neow_bonus":"HUNDRED_GOLD","is_prod":false,"is_daily":false,"rewards_skipped":[{"floor":46,"relics":[],"potions":["Dexterity Potion"]},{"floor":47,"relics":[],"potions":["Strength Potion"]}],"chose_seed":false,"campfire_upgraded":5,"win_rate":0,"floor_exit_playtime":[212,261,304,332,496,709,782,860,870,942,1460,1468,1549,1580,1616,1884,1980,2040,2044,2209,2246,2295,2443,2447,2463,2468,2616,2736,2741,2790,2950,2965,3346,3413,3514,3573,3604,3696,3831,3839,4109,4274,4279,4573,4581,4911,5175,5349,5359,5556,5950,5962,5974,5999,6286,6703],"timestamp":1668813481,"blue_key_relic_skipped_log":{"floor":26,"relicID":"CeramicFish"},"path_taken":["M","M","M","?","M","E","$","M","T","E","?","R","E","?","R","BOSS","M","?","M","$","?","E","R","?","T","M","E","R","?","E","R","BOSS","M","M","?","M","?","R","E","$","T","M","R","E","E","$","R","BOSS","BOSS","R","$","E","BOSS"],"build_version":"2022-10-04","purchased_purges":4,"victory":true,"max_hp_per_floor":[71,71,71,71,71,71,71,71,71,71,71,71,71,71,71,71,71,71,71,71,71,76,76,76,76,76,76,86,86,86,86,86,86,86,86,86,86,86,86,86,86,86,86,86,86,86,86,86,86,86,86,86,86,86,86,86],"relic_stats":{"Gremlin Horn":[23,26],"counters":[30,167],"Blue Candle":[17],"Dead Branch":[174],"Astrolabe":["Double Energy","Biased Cognition","Fusion"],"Pen Nib":[4],"Bag of Preparation":[34],"Whetstone":["Go for the Eyes","Cold Snap"],"War Paint":["Dualcast","Defend_B"],"Bottled Tornado":"Echo Form","Question Card":1,"Mercury Hourglass":[495],"Cables":[84,23,30,10,21],"WingedGreaves":2,"Kunai":[46],"obtain_stats":[{"Pear":28,"Gremlin Horn":11,"Blue Candle":10,"Dead Branch":13,"Astrolabe":34,"Pen Nib":55,"Bag of Preparation":23,"Runic Capacitor":48,"Whetstone":46,"War Paint":31,"Bottled Tornado":43,"Question Card":47,"Mercury Hourglass":9,"Cables":25,"Anchor":42,"DataDisk":54,"HornCleat":6,"WingedGreaves":39,"Kunai":41,"Cracked Core":0,"Runic Pyramid":17},{"Pear":15,"Gremlin Horn":8,"Blue Candle":7,"Dead Branch":9,"Astrolabe":18,"Pen Nib":29,"Bag of Preparation":13,"Runic Capacitor":26,"Whetstone":25,"War Paint":17,"Bottled Tornado":23,"Question Card":26,"Mercury Hourglass":6,"Cables":13,"Anchor":23,"DataDisk":28,"HornCleat":5,"WingedGreaves":22,"Kunai":23,"Cracked Core":0,"Runic Pyramid":10},{"Pear":73,"Gremlin Horn":41,"Blue Candle":37,"Dead Branch":43,"Astrolabe":92,"Pen Nib":158,"Bag of Preparation":67,"Runic Capacitor":135,"Whetstone":126,"War Paint":81,"Bottled Tornado":111,"Question Card":135,"Mercury Hourglass":34,"Cables":67,"Anchor":111,"DataDisk":152,"HornCleat":31,"WingedGreaves":104,"Kunai":111,"Cracked Core":0,"Runic Pyramid":54}]},"card_choices":[{"not_picked":["Conserve Battery","Hologram"],"picked":"Coolheaded","floor":2},{"not_picked":["Barrage","Rebound"],"picked":"Sweeping Beam","floor":3},{"not_picked":["Streamline","Melter"],"picked":"Hello World","floor":5},{"not_picked":["Conserve Battery","Rebound"],"picked":"Doom and Gloom","floor":6},{"not_picked":["Steam Power","Rebound","Stack"],"picked":"SKIP","floor":8},{"not_picked":["Cold Snap","Conserve Battery"],"picked":"Coolheaded","floor":10},{"not_picked":["Sweeping Beam","Electrodynamics"],"picked":"Cold Snap","floor":11},{"not_picked":["Cold Snap","Streamline"],"picked":"FTL","floor":13},{"not_picked":["Rainbow","Hyperbeam"],"picked":"Meteor Strike","floor":16},{"not_picked":["Gash+1","Cold Snap"],"picked":"White Noise+1","floor":18},{"not_picked":["Conserve Battery","Ball Lightning+1"],"picked":"Coolheaded","floor":20},{"not_picked":["Reprogram","Chaos"],"picked":"Chill+1","floor":23},{"not_picked":["Beam Cell","Gash"],"picked":"Go for the Eyes","floor":27},{"not_picked":["Machine Learning","Gash","Ball Lightning"],"picked":"SKIP","floor":28},{"not_picked":["Conserve Battery","White Noise"],"picked":"Leap+1","floor":30},{"not_picked":["BootSequence","Conserve Battery"],"picked":"Reboot","floor":31},{"not_picked":["Meteor Strike","Echo Form"],"picked":"Fission","floor":33},{"not_picked":["Sweeping Beam+1","Loop","Barrage"],"picked":"SKIP","floor":35},{"not_picked":["Ball Lightning","Hello World"],"picked":"Reinforced Body","floor":36},{"not_picked":["Beam Cell","Rebound"],"picked":"Compile Driver+1","floor":38},{"not_picked":["Undo","Ball Lightning","Creative AI"],"picked":"SKIP","floor":39},{"not_picked":["Stack","Machine Learning"],"picked":"Rebound","floor":41},{"not_picked":["Stack","Consume"],"picked":"Turbo","floor":44},{"not_picked":["Storm","Reprogram"],"picked":"Coolheaded","floor":46},{"not_picked":["Barrage","Fusion","Streamline+1"],"picked":"SKIP","floor":47},{"not_picked":["Go for the Eyes+1","Leap","Chill"],"picked":"Coolheaded+1","floor":55}],"player_experience":4473082,"relics_obtained":[{"floor":6,"key":"HornCleat"},{"floor":9,"key":"Mercury Hourglass"},{"floor":10,"key":"Blue Candle"},{"floor":11,"key":"Gremlin Horn"},{"floor":13,"key":"Dead Branch"},{"floor":23,"key":"Bag of Preparation"},{"floor":28,"key":"Pear"},{"floor":31,"key":"War Paint"},{"floor":39,"key":"WingedGreaves"},{"floor":41,"key":"Kunai"},{"floor":43,"key":"Bottled Tornado"},{"floor":46,"key":"Whetstone"},{"floor":47,"key":"Question Card"},{"floor":55,"key":"Pen Nib"}],"event_choices":[{"cards_removed":["Strike_B"],"damage_healed":0,"gold_gain":0,"player_choice":"Card Removal","damage_taken":0,"max_hp_gain":0,"max_hp_loss":0,"event_name":"The Cleric","floor":4,"gold_loss":75},{"damage_healed":0,"gold_gain":0,"player_choice":"Searched \u00271\u0027 times","damage_taken":0,"max_hp_gain":0,"max_hp_loss":0,"event_name":"Dead Adventurer","floor":11,"gold_loss":0},{"damage_healed":0,"gold_gain":0,"cards_transformed":["Strike_B"],"player_choice":"Change","damage_taken":0,"max_hp_gain":0,"max_hp_loss":0,"event_name":"Living Wall","floor":14,"gold_loss":0,"cards_obtained":["Echo Form"]},{"damage_healed":0,"gold_gain":0,"player_choice":"Ignored","damage_taken":0,"max_hp_gain":0,"max_hp_loss":0,"event_name":"Vampires","floor":19,"gold_loss":0},{"damage_healed":0,"gold_gain":0,"player_choice":"Shed Blood","damage_taken":25,"max_hp_gain":5,"max_hp_loss":0,"event_name":"Forgotten Altar","floor":22,"gold_loss":0},{"damage_healed":0,"gold_gain":0,"player_choice":"Stole Relic","damage_taken":0,"relics_obtained":["Cables"],"max_hp_gain":0,"max_hp_loss":0,"event_name":"Addict","floor":25,"gold_loss":0,"cards_obtained":["Shame"]},{"damage_healed":0,"gold_gain":999,"player_choice":"Gold","damage_taken":0,"max_hp_gain":0,"max_hp_loss":0,"event_name":"MindBloom","floor":37,"gold_loss":0,"cards_obtained":["Normality","Normality"]},{"damage_healed":0,"gold_gain":0,"player_choice":"Fight","damage_taken":0,"max_hp_gain":0,"max_hp_loss":0,"event_name":"Mysterious Sphere","floor":39,"gold_loss":0}],"is_beta":false,"boss_relics":[{"not_picked":["Inserter","Runic Dome"],"picked":"Runic Pyramid"},{"not_picked":["Tiny House","Fusion Hammer"],"picked":"Astrolabe"}],"items_purged_floors":[7,21,42,48],"is_endless":false,"potions_floor_spawned":[1,10,16,23,30,33,39,41,46,47],"ascension_level":20,"potion_discard_per_floor":[[],[],[],[],[],[],[],[],[],[],[],[],[],[],[],[],[],[],[],[],[],[],[],[],[],[],[],[],[],[],[],[],[],[],[],[],[],[],[],[],["SneckoOil"],[],[],[],[],[],[],[],[],[],[],[],[],[],[],[],[]]}