{"neow_bonuses_skipped_log":["ONE_RANDOM_RARE_CARD","TEN_PERCENT_HP_BONUS","BOSS_RELIC"],"potions_obtained_entropic_brew":[[],[],[],[],[],[],[],[],[],[],[],[],[],[],[],["Strength Potion","GamblersBrew"],[],[],[],[],[],[],[],[],[],[],[],[],[],[],[],[],[],[],[],[],[],[],[],[],[],[],[],[],[],[],[],[],[],[],[],[],[],[],[],[],[]],"neow_costs_skipped_log":["NONE","NONE","NONE"],"gold_per_floor":[10,21,38,38,38,38,77,92,92,130,200,200,215,251,251,341,341,359,359,380,56,70,101,101,137,186,204,129,149,149,170,170,265,265,288,319,652,305,357,390,410,442,442,460,460,470,263,283,283,283,283,283,283,15,49,49],"floor_reached":57,"playtime":9194,"items_purged":["Tempest","Hello World"],"score":2894,"play_id":"087cb642-e0bc-473e-88d0-ef2127809867","local_time":"20221125193436","score_breakdown":["Floors Climbed (57): 285","Enemies Slain (16): 32","Exordium Elites Killed (3): 30","City Elites Killed (2): 40","Beyond Elites Killed (2): 60","Bosses Slain (5): 750","Money Money (1390): 25","Librarian: 25","Champion (1): 25","Perfect (1): 50","C-c-c-combo: 25","Ascension (20): 1297","Heartbreaker: 250"],"is_ascension_mode":true,"potions_obtained_alchemize":[[],[],[],[],[],[],[],[],[],[],[],[],[],[],[],[],[],[],[],[],[],[],[],[],[],[],[],[],[],[],[],[],[],[],[],[],[],[],[],[],[],[],[],[],[],[],[],[],[],[],[],[],[],[],[],[],[]],"campfire_choices":[{"data":"Defragment","floor":6,"key":"SMITH"},{"data":"Doom and Gloom","floor":12,"key":"SMITH"},{"data":"Coolheaded","floor":15,"key":"SMITH"},{"data":"Fusion","floor":24,"key":"SMITH"},{"data":"Recycle","floor":32,"key":"SMITH"},{"floor":49,"key":"RECALL"},{"data":"Turbo","floor":53,"key":"SMITH"}],"lesson_learned_per_floor":[[],[],[],[],[],[],[],[],[],[],[],[],[],[],[],[],[],[],[],[],[],[],[],[],[],[],[],[],[],[],[],[],[],[],[],[],[],[],[],[],[],[],[],[],[],[],[],[],[],[],[],[],[],[],[],[],[]],"neow_cost":"NO_GOLD","improvable_cards":{"Genetic Algorithm":[69]},"seed_source_timestamp":1186249557675,"shop_contents":[{"floor":21,"relics":["Molten Egg 2","WingedGreaves","Cauldron"],"cards":["Barrage","Rebound","Force Field","Auto Shields","Trip"],"potions":["Fruit Juice","Block Potion","AttackPotion"]},{"floor":38,"relics":["Regal Pillow","Dream Catcher"],"cards":["Lockon","Rebound","Chill","Steam","Bandage Up","Master of Strategy"],"potions":["EntropicBrew","DistilledChaos","DuplicationPotion"]},{"floor":47,"relics":["Meat on the Bone","CeramicFish"],"cards":["Sunder","Ball Lightning","Stack","Buffer","Trip","Mayhem"],"potions":["Block Potion","EssenceOfDarkness","PotionOfCapacity"]},{"floor":54,"relics":["Mango","Vajra"],"cards":["Sunder","Thunder Strike","Fission","Self Repair","Jack Of All Trades","Secret Technique"],"potions":["SmokeBomb","Fire Potion"]}],"circlet_count":0,"master_deck":["AscendersBane","Dualcast+1","Storm","Defragment+1","Cold Snap","Compile Driver","Coolheaded+1","Genetic Algorithm","Doom and Gloom+1","Beam Cell","Lockon","Buffer","Self Repair","Amplify","Barrage","Hologram","Recycle+1","Leap+1","Chill","Loop","Secret Technique","Fusion+1","White Noise","Echo Form","Turbo","Hologram","Fission","Compile Driver+1","Capacitor","Steam Power","Turbo+1","Meteor Strike","Stack","Go for the Eyes","Coolheaded","Hologram","Seek"],"potion_use_per_floor":[[],[],[],[],[],[],[],[],[],[],["Fire Potion","LiquidMemories"],[],[],[],[],["EntropicBrew","Strength Potion"],[],[],[],[],[],["GamblersBrew"],["PowerPotion"],[],[],[],[],[],[],[],[],[],[],[],["Block Potion"],[],[],[],["ColorlessPotion","EssenceOfDarkness"],[],[],[],[],[],[],[],[],[],[],[],[],[],[],[],[],["FearPotion","Swift Potion"],[]],"relics":["Cracked Core","Kunai","Tiny Chest","Pear","Ornamental Fan","InkBottle","Bronze Scales","Pandora\u0027s Box","Dead Branch","War Paint","Akabeko","Runic Pyramid","Pocketwatch","OrangePellets","Emotion Chip","Question Card","Unceasing Top","StrikeDummy","Singing Bowl","Toolbox","PrismaticShard","Blood Vial"],"potions_floor_usage":[11,11,16,16,22,23,35,39,39,56,56],"damage_taken":[{"damage":1,"enemies":"Jaw Worm","floor":1,"turns":4},{"damage":7,"enemies":"Small Slimes","floor":2,"turns":4},{"damage":1,"enemies":"2 Louse","floor":3,"turns":4},{"damage":6,"enemies":"Lagavulin","floor":7,"turns":6},{"damage":4,"enemies":"Looter","floor":8,"turns":4},{"damage":1,"enemies":"Gremlin Nob","floor":10,"turns":3},{"damage":1,"enemies":"Gremlin Nob","floor":11,"turns":3},{"damage":9,"enemies":"Blue Slaver","floor":13,"turns":4},{"damage":5,"enemies":"Lagavulin","floor":14,"turns":7},{"damage":16,"enemies":"Hexaghost","floor":16,"turns":8},{"damage":13,"enemies":"2 Thieves","floor":18,"turns":3},{"damage":4,"enemies":"Shell Parasite","floor":20,"turns":5},{"damage":9,"enemies":"Centurion and Healer","floor":22,"turns":25},{"damage":20,"enemies":"Slavers","floor":23,"turns":5},{"damage":0,"enemies":"Gremlin Leader","floor":25,"turns":6},{"damage":12,"enemies":"Snecko","floor":27,"turns":3},{"damage":2,"enemies":"Chosen and Byrds","floor":29,"turns":6},{"damage":0,"enemies":"Sentry and Sphere","floor":31,"turns":4},{"damage":0,"enemies":"Automaton","floor":33,"turns":8},{"damage":39,"enemies":"3 Darklings","floor":35,"turns":5},{"damage":0,"enemies":"Mind Bloom Boss Battle","floor":36,"turns":7},{"damage":22,"enemies":"2 Orb Walkers","floor":39,"turns":4},{"damage":12,"enemies":"Nemesis","floor":40,"turns":7},{"damage":0,"enemies":"Orb Walker","floor":41,"turns":3},{"damage":13,"enemies":"Giant Head","floor":42,"turns":8},{"damage":10,"enemies":"3 Darklings","floor":44,"turns":6},{"damage":0,"enemies":"Sphere and 2 Shapes","floor":46,"turns":5},{"damage":0,"enemies":"Maw","floor":48,"turns":6},{"damage":15,"enemies":"Awakened One","floor":50,"turns":19},{"damage":6,"enemies":"Time Eater","floor":51,"turns":12},{"damage":5,"enemies":"Shield and Spear","floor":55,"turns":6},{"damage":73,"enemies":"The Heart","floor":56,"turns":11}],"green_key_taken_log":40,"seed_played":"-2738703838064007529","neow_bonus_log":{"cardsObtained":["Storm","Steam"],"cardsUpgraded":[],"cardsRemoved":[],"cardsTransformed":["Strike_B","Strike_B"],"relicsObtained":[],"maxHpGained":0,"goldGained":0,"damageTaken":0,"goldLost":99,"maxHpLost":0},"potions_obtained":[{"floor":1,"key":"Fire Potion"},{"floor":3,"key":"LiquidMemories"},{"floor":14,"key":"EntropicBrew"},{"floor":16,"key":"PowerPotion"},{"floor":27,"key":"SmokeBomb"},{"floor":29,"key":"Regen Potion"},{"floor":31,"key":"Block Potion"},{"floor":33,"key":"ColorlessPotion"},{"floor":35,"key":"EssenceOfDarkness"},{"floor":42,"key":"Swift Potion"},{"floor":46,"key":"SneckoOil"}],"is_trial":false,"path_per_floor":["M","M","M","?","?","R","E","M","T","E","?","R","M","E","R","B",null,"M","?","M","$","M","E","R","E","T","M","?","M","T","M","R","B",null,"M","?","?","$","?","E","M","E","T","M","T","M","$","M","R","B","B",null,"R","$","E","B",null],"character_chosen":"DEFECT","items_purchased":["Loop","Secret Technique","OrangePellets","Capacitor","Coolheaded","Toolbox","Hologram","FearPotion","PrismaticShard"],"campfire_rested":0,"item_purchase_floors":[21,21,38,38,47,47,54,54,54],"current_hp_per_floor":[63,56,55,44,44,44,38,34,44,43,42,42,33,28,28,12,59,53,53,56,56,61,55,55,62,62,57,57,62,62,74,74,74,74,49,63,63,63,55,57,71,72,72,74,74,74,74,76,76,75,76,76,76,76,76,10],"gold":49,"neow_bonus":"TRANSFORM_TWO_CARDS","is_prod":false,"is_daily":false,"rewards_skipped":[{"floor":8,"relics":[],"potions":["Dexterity Potion"]},{"floor":55,"relics":[],"potions":["ColorlessPotion"]}],"chose_seed":false,"campfire_upgraded":6,"win_rate":0,"floor_exit_playtime":[84,142,178,182,186,192,264,308,312,635,879,903,989,1196,1202,1456,1620,1794,1822,1926,2006,2712,2915,2940,3272,3324,3416,3470,3597,3607,3690,3710,4065,4182,4475,4724,4731,4788,5045,5305,5445,5763,5775,6090,6094,6401,6444,6647,6651,7262,7724,7749,7790,7926,8343,9194],"timestamp":1669422876,"blue_key_relic_skipped_log":{"floor":30,"relicID":"Shovel"},"path_taken":["M","M","M","?","?","R","E","M","T","E","?","R","M","E","R","BOSS","M","?","M","$","M","E","R","E","T","M","?","M","?","M","R","BOSS","M","?","?","$","?","E","M","E","T","M","?","M","$","M","R","BOSS","BOSS","R","$","E","BOSS"],"build_version":"2022-10-04","purchased_purges":2,"victory":true,"max_hp_per_floor":[71,71,71,71,64,64,64,64,74,74,74,74,74,74,74,74,74,74,74,74,74,74,74,74,74,74,74,74,74,74,74,74,74,74,74,74,74,74,74,74,74,74,74,74,74,74,74,76,76,76,76,76,76,76,76,76],"relic_stats":{"Singing Bowl":2,"counters":[32,211],"Dead Branch":[226],"War Paint":["Leap","Dualcast"],"Question Card":6,"Blood Vial":0,"OrangePellets":[21],"Emotion Chip":[38,11,16,2,9],"Ornamental Fan":[188],"Bronze Scales":[661],"Tiny Chest":2,"Pandora\u0027s Box":["Self Repair","Tempest","Amplify","Barrage","Hologram","Recycle"],"Kunai":[48],"obtain_stats":[{"Pear":9,"Singing Bowl":45,"Golden Idol":5,"Dead Branch":23,"War Paint":25,"Question Card":40,"PrismaticShard":54,"Akabeko":26,"Blood Vial":55,"OrangePellets":38,"Emotion Chip":39,"Ornamental Fan":10,"Bronze Scales":14,"Toolbox":47,"Tiny Chest":7,"Pandora\u0027s Box":17,"Kunai":4,"Cracked Core":0,"StrikeDummy":43,"InkBottle":11,"Unceasing Top":42,"Runic Pyramid":34,"Pocketwatch":36},{"Pear":5,"Singing Bowl":26,"Golden Idol":3,"Dead Branch":14,"War Paint":15,"Question Card":23,"PrismaticShard":30,"Akabeko":15,"Blood Vial":31,"OrangePellets":21,"Emotion Chip":22,"Ornamental Fan":6,"Bronze Scales":9,"Toolbox":27,"Tiny Chest":4,"Pandora\u0027s Box":10,"Kunai":3,"Cracked Core":0,"StrikeDummy":25,"InkBottle":7,"Unceasing Top":25,"Runic Pyramid":19,"Pocketwatch":21},{"Pear":22,"Singing Bowl":152,"Golden Idol":12,"Dead Branch":85,"War Paint":91,"Question Card":135,"PrismaticShard":194,"Akabeko":91,"Blood Vial":200,"OrangePellets":124,"Emotion Chip":128,"Ornamental Fan":25,"Bronze Scales":39,"Toolbox":157,"Tiny Chest":18,"Pandora\u0027s Box":47,"Kunai":12,"Cracked Core":0,"StrikeDummy":146,"InkBottle":28,"Unceasing Top":146,"Runic Pyramid":112,"Pocketwatch":124}],"InkBottle":[100],"Unceasing Top":[0],"Pocketwatch":[1]},"card_choices":[{"not_picked":["Rip and Tear","Reinforced Body"],"picked":"Defragment","floor":1},{"not_picked":["Turbo","Barrage"],"picked":"Hello World","floor":2},{"not_picked":["FTL","Hello World"],"picked":"Cold Snap","floor":3},{"not_picked":["Cold Snap","Ball Lightning"],"picked":"Compile Driver","floor":7},{"not_picked":["Stack","Fusion"],"picked":"Coolheaded","floor":8},{"not_picked":["Force Field","Glacier"],"picked":"Genetic Algorithm","floor":10},{"not_picked":["Cold Snap","Recycle"],"picked":"Doom and Gloom","floor":11},{"not_picked":["Ball Lightning","Storm"],"picked":"Beam Cell","floor":13},{"not_picked":["Darkness","Gash"],"picked":"Lockon","floor":14},{"not_picked":["Machine Learning","Creative AI"],"picked":"Buffer","floor":16},{"not_picked":["Gash","Stack"],"picked":"Leap","floor":18},{"not_picked":["Compile Driver+1","Tempest+1"],"picked":"Chill","floor":20},{"not_picked":["Compile Driver","Rip and Tear"],"picked":"Fusion","floor":22},{"not_picked":["Rebound","Sweeping Beam"],"picked":"White Noise","floor":23},{"not_picked":["Core Surge","Coolheaded"],"picked":"Echo Form","floor":25},{"not_picked":["Rebound","Reprogram","Stack"],"picked":"SKIP","floor":27},{"not_picked":["Steam Power","Leap"],"picked":"Turbo","floor":29},{"not_picked":["Steam","Redo"],"picked":"Hologram","floor":31},{"not_picked":["Core Surge","All For One"],"picked":"Fission","floor":33},{"not_picked":["Hello World","Leap"],"picked":"Compile Driver+1","floor":35},{"not_picked":["Compile Driver","Leap","Gash+1"],"picked":"SKIP","floor":36},{"not_picked":["Sweeping Beam","Core Surge"],"picked":"Steam Power","floor":39},{"not_picked":["Compile Driver","Sweeping Beam","Rebound"],"picked":"SKIP","floor":40},{"not_picked":["Stack+1","Sweeping Beam","Chaos"],"picked":"Turbo","floor":41},{"not_picked":["Reinforced Body+1","Chaos","Reprogram"],"picked":"Meteor Strike","floor":42},{"not_picked":["Blizzard+1","Streamline","Rebound+1"],"picked":"Stack","floor":44},{"not_picked":["Darkness+1","Hologram+1","Reprogram+1"],"picked":"Go for the Eyes","floor":46},{"not_picked":["Barrage","Streamline+1","Gash","Reprogram"],"picked":"Singing Bowl","floor":48},{"not_picked":["Turbo","White Noise","Clash"],"picked":"Seek","floor":55}],"player_experience":4531754,"relics_obtained":[{"floor":7,"key":"Tiny Chest"},{"floor":9,"key":"Pear"},{"floor":10,"key":"Ornamental Fan"},{"floor":11,"key":"InkBottle"},{"floor":14,"key":"Bronze Scales"},{"floor":23,"key":"Dead Branch"},{"floor":25,"key":"War Paint"},{"floor":26,"key":"Akabeko"},{"floor":36,"key":"Pocketwatch"},{"floor":39,"key":"Emotion Chip"},{"floor":40,"key":"Question Card"},{"floor":42,"key":"Unceasing Top"},{"floor":43,"key":"StrikeDummy"},{"floor":45,"key":"Singing Bowl"},{"floor":55,"key":"Blood Vial"}],"event_choices":[{"damage_healed":0,"gold_gain":0,"player_choice":"Success","damage_taken":11,"relics_obtained":["Kunai"],"max_hp_gain":0,"max_hp_loss":0,"event_name":"Scrap Ooze","floor":4,"gold_loss":0},{"damage_healed":0,"gold_gain":0,"player_choice":"Lose Max HP","damage_taken":0,"relics_obtained":["Golden Idol"],"max_hp_gain":0,"max_hp_loss":7,"event_name":"Golden Idol","floor":5,"gold_loss":0},{"damage_healed":0,"gold_gain":0,"player_choice":"Searched \u00271\u0027 times","damage_taken":0,"max_hp_gain":0,"max_hp_loss":0,"event_name":"Dead Adventurer","floor":11,"gold_loss":0},{"cards_removed":["Zap"],"damage_healed":0,"gold_gain":0,"player_choice":"Elegance","damage_taken":0,"max_hp_gain":0,"max_hp_loss":0,"event_name":"Back to Basics","floor":19,"gold_loss":0},{"cards_removed":["Steam"],"damage_healed":0,"gold_gain":0,"player_choice":"Gave Gold","damage_taken":0,"max_hp_gain":0,"max_hp_loss":0,"event_name":"Beggar","floor":28,"gold_loss":75},{"damage_healed":0,"gold_gain":0,"player_choice":"Fight","damage_taken":0,"max_hp_gain":0,"max_hp_loss":0,"event_name":"MindBloom","floor":36,"gold_loss":0},{"damage_healed":0,"gold_gain":333,"player_choice":"Gave Idol","damage_taken":0,"max_hp_gain":0,"max_hp_loss":0,"event_name":"The Moai Head","floor":37,"relics_lost":["Golden Idol"],"gold_loss":0},{"damage_healed":0,"gold_gain":0,"player_choice":"Fight","damage_taken":0,"max_hp_gain":0,"max_hp_loss":0,"event_name":"Mysterious Sphere","floor":39,"gold_loss":0}],"is_beta":false,"boss_relics":[{"not_picked":["Ectoplasm","Empty Cage"],"picked":"Pandora\u0027s Box"},{"not_picked":["Calling Bell","Cursed Key"],"picked":"Runic Pyramid"}],"items_purged_floors":[21,38],"is_endless":false,"potions_floor_spawned":[1,3,8,14,16,27,29,31,33,35,42,46,55],"ascension_level":20,"potion_discard_per_floor":[[],[],[],[],[],[],[],[],[],[],[],[],[],[],[],[],[],[],[],[],[],[],[],[],[],[],[],[],[],[],["SmokeBomb"],[],["Regen Potion"],[],[],[],[],[],[],[],[],[],[],[],[],[],[],[],[],[],[],[],[],["SneckoOil"],[],[],[]]}