{"neow_bonuses_skipped_log":["THREE_CARDS","TEN_PERCENT_HP_BONUS","RANDOM_COLORLESS_2"],"potions_obtained_entropic_brew":[[],[],[],[],[],[],[],[],[],[],[],[],[],[],[],[],[],[],[],[],[],[],[],[],[],[],[],[],[],[],[],[],[],[],[],[],[],[],[],[],[],[],[],[],[],[],[],[],[],[]],"neow_costs_skipped_log":["NONE","NONE","NO_GOLD"],"gold_per_floor":[114,132,132,132,1,1,45,69,93,77,77,108,138,9,9,107,107,126,126,17,42,60,60,94,94,118,131,171,86,99,137,137,236,236,260,593,609,627,642,676,676,710,710,738,738,738,396,429,429,429],"floor_reached":50,"playtime":8667,"items_purged":["Regret","Zap"],"score":1377,"play_id":"28ea0e69-8dd8-4d02-8660-9111cfa96043","local_time":"20221127195715","score_breakdown":["Floors Climbed (50): 250","Enemies Slain (13): 26","Exordium Elites Killed (2): 20","City Elites Killed (3): 60","Beyond Elites Killed (4): 120","Bosses Slain (2): 150","Money Money (1166): 25","Collector (1): 25","Librarian: 25","Champion (1): 25","Ascension (20): 651"],"is_ascension_mode":true,"potions_obtained_alchemize":[[],[],[],[],[],[],[],[],[],[],[],[],[],[],[],[],[],[],[],[],[],[],[],[],[],[],[],[],[],[],[],[],[],[],[],[],[],[],[],[],[],[],[],[],[],[],[],[],[],[]],"campfire_choices":[{"data":"Streamline","floor":6,"key":"SMITH"},{"floor":11,"key":"REST"},{"data":"Electrodynamics","floor":15,"key":"SMITH"},{"data":"Defragment","floor":23,"key":"SMITH"},{"data":"Coolheaded","floor":25,"key":"SMITH"},{"data":"Hologram","floor":32,"key":"SMITH"},{"data":"Buffer","floor":41,"key":"SMITH"},{"data":"Go for the Eyes","floor":45,"key":"SMITH"},{"floor":49,"key":"RECALL"}],"lesson_learned_per_floor":[[],[],[],[],[],[],[],[],[],[],[],[],[],[],[],[],[],[],[],[],[],[],[],[],[],[],[],[],[],[],[],[],[],[],[],[],[],[],[],[],[],[],[],[],[],[],[],[],[],[]],"neow_cost":"NONE","improvable_cards":{},"seed_source_timestamp":3753058788841,"shop_contents":[{"floor":5,"relics":["HornCleat","Frozen Egg 2","PrismaticShard"],"cards":["Sweeping Beam","Ball Lightning","Reinforced Body","Stack","Buffer","PanicButton","Secret Weapon"],"potions":["EssenceOfSteel","FocusPotion"]},{"floor":14,"relics":["Singing Bowl","Bag of Preparation","Sling"],"cards":["Barrage","Turbo","Amplify","Capacitor","Enlightenment","Mayhem"],"potions":["LiquidMemories","Swift Potion"]},{"floor":20,"relics":["Strawberry","Bottled Tornado","Orrery"],"cards":["Streamline","Steam","White Noise","Trip","Magnetism"],"potions":["ColorlessPotion","SkillPotion","Dexterity Potion"]},{"floor":47,"relics":["Molten Egg 2","Kunai","Cauldron"],"cards":["Melter","Lockon","Rainbow","Steam","Static Discharge","Discovery","Thinking Ahead"],"potions":["LiquidMemories","SteroidPotion","Dexterity Potion"]}],"circlet_count":0,"master_deck":["AscendersBane","Strike_B+1","Strike_B","Strike_B","Strike_B+1","Defend_B+1","Defend_B","Defend_B","Defend_B","Dualcast+1","Streamline+1","Self Repair","Rebound","Coolheaded+1","Cold Snap","Electrodynamics+1","Coolheaded","FTL","Echo Form","Reinforced Body","Defragment+1","Compile Driver","Hologram+1","Compile Driver","Defragment+1","Skim","Go for the Eyes+1","Conserve Battery","Redo","Buffer+1","Sweeping Beam+1","Compile Driver+1","Sweeping Beam+1","Coolheaded","Glacier+1","Undo","Recycle","Coolheaded","Static Discharge"],"potion_use_per_floor":[[],[],[],[],[],[],["Ancient Potion"],[],[],[],[],[],["ColorlessPotion"],[],[],[],[],[],[],[],["DistilledChaos"],[],[],["Fire Potion"],[],[],[],["Fire Potion"],[],[],[],[],["Weak Potion","Fruit Juice"],[],[],[],[],[],[],[],[],[],[],["Fruit Juice"],[],[],[],[],[],["EssenceOfSteel","Explosive Potion"]],"relics":["SacredBark","War Paint","Whetstone","Centennial Puzzle","StrikeDummy","Odd Mushroom","Velvet Choker","The Courier","Happy Flower","Ornamental Fan","Toy Ornithopter","Coffee Dripper","Bottled Lightning","Bag of Marbles","Blood Vial","Lantern","Nunchaku","Juzu Bracelet"],"potions_floor_usage":[7,13,21,24,28,33,33,44,50,50],"damage_taken":[{"damage":4,"enemies":"Jaw Worm","floor":1,"turns":4},{"damage":1,"enemies":"Small Slimes","floor":2,"turns":3},{"damage":31,"enemies":"Lagavulin","floor":7,"turns":8},{"damage":9,"enemies":"2 Louse","floor":8,"turns":4},{"damage":17,"enemies":"Exordium Thugs","floor":10,"turns":4},{"damage":23,"enemies":"3 Sentries","floor":12,"turns":10},{"damage":22,"enemies":"The Mushroom Lair","floor":13,"turns":4},{"damage":9,"enemies":"Slime Boss","floor":16,"turns":7},{"damage":13,"enemies":"Chosen","floor":18,"turns":4},{"damage":7,"enemies":"Spheric Guardian","floor":21,"turns":5},{"damage":16,"enemies":"Snecko","floor":22,"turns":5},{"damage":21,"enemies":"Gremlin Leader","floor":24,"turns":7},{"damage":0,"enemies":"3 Cultists","floor":27,"turns":6},{"damage":36,"enemies":"Slavers","floor":28,"turns":5},{"damage":3,"enemies":"Sentry and Sphere","floor":30,"turns":11},{"damage":2,"enemies":"Gremlin Leader","floor":31,"turns":5},{"damage":34,"enemies":"Collector","floor":33,"turns":16},{"damage":0,"enemies":"Orb Walker","floor":35,"turns":6},{"damage":1,"enemies":"3 Shapes","floor":37,"turns":4},{"damage":25,"enemies":"Sphere and 2 Shapes","floor":38,"turns":11},{"damage":33,"enemies":"Spire Growth","floor":39,"turns":9},{"damage":27,"enemies":"Reptomancer","floor":40,"turns":8},{"damage":0,"enemies":"Giant Head","floor":42,"turns":10},{"damage":25,"enemies":"Reptomancer","floor":44,"turns":9},{"damage":5,"enemies":"Nemesis","floor":48,"turns":15},{"damage":67,"enemies":"Donu and Deca","floor":50,"turns":39}],"green_key_taken_log":40,"seed_played":"-3658539383261170697","neow_bonus_log":{"cardsObtained":[],"cardsUpgraded":[],"cardsRemoved":[],"cardsTransformed":[],"relicsObtained":["SacredBark"],"maxHpGained":0,"goldGained":0,"damageTaken":0,"goldLost":0,"maxHpLost":0},"potions_obtained":[{"floor":2,"key":"Ancient Potion"},{"floor":12,"key":"SmokeBomb"},{"floor":13,"key":"DistilledChaos"},{"floor":16,"key":"Fire Potion"},{"floor":21,"key":"Fire Potion"},{"floor":24,"key":"Fruit Juice"},{"floor":28,"key":"Weak Potion"},{"floor":38,"key":"Fruit Juice"},{"floor":42,"key":"Explosive Potion"},{"floor":44,"key":"Fire Potion"},{"floor":48,"key":"EssenceOfSteel"}],"is_trial":false,"path_per_floor":["M","M","?","?","$","R","E","M","T","M","R","E","?","$","R","B",null,"M","?","$","M","M","R","E","R","T","M","E","?","M","E","R","B",null,"M","?","M","M","M","E","R","E","T","E","R","?","$","E","R","B"],"character_chosen":"DEFECT","items_purchased":["ColorlessPotion","Block Potion","FTL","Defragment","Compile Driver","Recycle","Coolheaded","Nunchaku","Static Discharge"],"campfire_rested":1,"item_purchase_floors":[5,14,14,20,20,47,47,47,47],"current_hp_per_floor":[60,59,59,59,59,59,35,33,33,23,42,26,11,11,11,9,50,51,51,51,51,42,42,28,28,28,42,6,6,17,22,22,15,59,73,73,74,63,37,24,24,31,31,37,37,37,37,48,48,0],"gold":429,"neow_bonus":"BOSS_RELIC","is_prod":false,"is_daily":false,"rewards_skipped":[{"floor":22,"relics":[],"potions":["PowerPotion"]}],"chose_seed":false,"campfire_upgraded":7,"win_rate":0,"floor_exit_playtime":[103,122,125,163,214,219,319,355,357,504,508,825,1087,1270,1292,1490,1662,1739,1745,1765,1917,2017,2033,2403,2419,2423,2548,2946,3029,3425,3631,3650,4568,4730,4867,4875,5012,5228,5454,6065,6075,6551,6554,6957,6980,7009,7091,7414,7417],"timestamp":1669597035,"blue_key_relic_skipped_log":{"floor":26,"relicID":"Tiny Chest"},"path_taken":["M","M","?","?","$","R","E","M","T","?","R","E","?","?","R","BOSS","M","?","$","M","M","R","E","R","T","M","E","?","M","E","R","BOSS","M","?","M","M","M","E","R","E","T","E","R","?","$","E","R","BOSS"],"build_version":"2022-10-04","purchased_purges":2,"victory":false,"max_hp_per_floor":[71,71,64,64,64,64,64,64,64,64,64,64,64,64,64,64,64,64,64,64,64,64,64,64,64,64,64,64,64,64,64,64,74,74,74,74,74,74,74,74,74,74,74,84,84,80,80,80,80,80],"relic_stats":{"Happy Flower":[47],"counters":[26,219],"The Courier":84,"Juzu Bracelet":0,"Whetstone":["Strike_B","Strike_B"],"War Paint":["Dualcast","Defend_B"],"Blood Vial":6,"Centennial Puzzle":[57],"Nunchaku":[12],"Ornamental Fan":[200],"Bottled Lightning":"Coolheaded","obtain_stats":[{"Lantern":44,"Happy Flower":28,"Golden Idol":3,"SacredBark":0,"Velvet Choker":17,"The Courier":24,"Juzu Bracelet":48,"Whetstone":7,"War Paint":4,"Odd Mushroom":13,"Blood Vial":43,"Centennial Puzzle":9,"Nunchaku":47,"Ornamental Fan":29,"Coffee Dripper":34,"Bag of Marbles":42,"Bottled Lightning":40,"Cracked Core":0,"StrikeDummy":12,"Toy Ornithopter":31},{"Lantern":24,"Happy Flower":14,"Golden Idol":2,"SacredBark":0,"Velvet Choker":8,"The Courier":12,"Juzu Bracelet":25,"Whetstone":3,"War Paint":2,"Odd Mushroom":7,"Blood Vial":23,"Centennial Puzzle":4,"Nunchaku":24,"Ornamental Fan":14,"Coffee Dripper":17,"Bag of Marbles":23,"Bottled Lightning":22,"Cracked Core":0,"StrikeDummy":6,"Toy Ornithopter":16},{"Lantern":165,"Happy Flower":76,"Golden Idol":7,"SacredBark":0,"Velvet Choker":44,"The Courier":65,"Juzu Bracelet":180,"Whetstone":15,"War Paint":7,"Odd Mushroom":37,"Blood Vial":156,"Centennial Puzzle":19,"Nunchaku":165,"Ornamental Fan":76,"Coffee Dripper":108,"Bag of Marbles":156,"Bottled Lightning":146,"Cracked Core":0,"StrikeDummy":33,"Toy Ornithopter":92}],"Toy Ornithopter":25},"card_choices":[{"not_picked":["Go for the Eyes","Capacitor"],"picked":"Streamline","floor":1},{"not_picked":["Heatsinks","Steam Power"],"picked":"Self Repair","floor":2},{"not_picked":["Compile Driver","Barrage"],"picked":"Rebound","floor":7},{"not_picked":["Heatsinks","Turbo"],"picked":"Coolheaded","floor":8},{"not_picked":["Go for the Eyes","Storm"],"picked":"Cold Snap","floor":10},{"not_picked":["Hello World","FTL"],"picked":"Electrodynamics","floor":12},{"not_picked":["Barrage","Turbo"],"picked":"Coolheaded","floor":13},{"not_picked":["Hyperbeam","Creative AI"],"picked":"Echo Form","floor":16},{"not_picked":["Blizzard","Go for the Eyes"],"picked":"Reinforced Body","floor":18},{"not_picked":["Turbo","Conserve Battery"],"picked":"Hologram","floor":21},{"not_picked":["Conserve Battery","Leap"],"picked":"Compile Driver","floor":22},{"not_picked":["Streamline","Sweeping Beam"],"picked":"Defragment+1","floor":24},{"not_picked":["Gash+1","Go for the Eyes"],"picked":"Skim","floor":27},{"not_picked":["Chaos","Leap"],"picked":"Go for the Eyes","floor":28},{"not_picked":["Ball Lightning+1","Defragment"],"picked":"Conserve Battery","floor":30},{"not_picked":["Storm","Leap"],"picked":"Redo","floor":31},{"not_picked":["Rainbow","Electrodynamics"],"picked":"Buffer","floor":33},{"not_picked":["Steam Power","Turbo"],"picked":"Sweeping Beam+1","floor":35},{"not_picked":["Streamline","Conserve Battery+1"],"picked":"Compile Driver+1","floor":37},{"not_picked":["Streamline+1","Cold Snap+1"],"picked":"Sweeping Beam+1","floor":38},{"not_picked":["Blizzard","Lockon","Redo"],"picked":"SKIP","floor":39},{"not_picked":["Multi-Cast","Compile Driver+1"],"picked":"Coolheaded","floor":40},{"not_picked":["Hello World","Go for the Eyes+1"],"picked":"Glacier+1","floor":42},{"not_picked":["Force Field+1","Ball Lightning"],"picked":"Undo","floor":44},{"not_picked":["Storm","Gash","Barrage"],"picked":"SKIP","floor":48}],"player_experience":4552862,"relics_obtained":[{"floor":7,"key":"Whetstone"},{"floor":9,"key":"Centennial Puzzle"},{"floor":12,"key":"StrikeDummy"},{"floor":13,"key":"Odd Mushroom"},{"floor":24,"key":"The Courier"},{"floor":28,"key":"Happy Flower"},{"floor":31,"key":"Toy Ornithopter"},{"floor":40,"key":"Bottled Lightning"},{"floor":42,"key":"Bag of Marbles"},{"floor":43,"key":"Blood Vial"},{"floor":44,"key":"Lantern"},{"floor":48,"key":"Juzu Bracelet"}],"event_choices":[{"damage_healed":0,"gold_gain":0,"player_choice":"Lose Max HP","damage_taken":0,"relics_obtained":["Golden Idol"],"max_hp_gain":0,"max_hp_loss":7,"event_name":"Golden Idol","floor":3,"gold_loss":0},{"damage_healed":0,"gold_gain":0,"player_choice":"Box","damage_taken":0,"relics_obtained":["War Paint"],"max_hp_gain":0,"max_hp_loss":0,"event_name":"Big Fish","floor":4,"gold_loss":0,"cards_obtained":["Regret"]},{"damage_healed":0,"gold_gain":0,"player_choice":"Fought Mushrooms","damage_taken":0,"max_hp_gain":0,"max_hp_loss":0,"event_name":"Mushrooms","floor":13,"gold_loss":0},{"damage_healed":0,"gold_gain":0,"player_choice":"Ignored","damage_taken":0,"max_hp_gain":0,"max_hp_loss":0,"event_name":"Vampires","floor":19,"gold_loss":0},{"damage_healed":0,"gold_gain":0,"player_choice":"Obtained Relic","damage_taken":0,"relics_obtained":["Ornamental Fan"],"max_hp_gain":0,"max_hp_loss":0,"event_name":"Addict","floor":29,"gold_loss":85},{"damage_healed":0,"gold_gain":333,"player_choice":"Gave Idol","damage_taken":0,"max_hp_gain":0,"max_hp_loss":0,"event_name":"The Moai Head","floor":36,"relics_lost":["Golden Idol"],"gold_loss":0},{"damage_healed":0,"gold_gain":0,"player_choice":"Max HP","damage_taken":0,"max_hp_gain":0,"max_hp_loss":4,"event_name":"Winding Halls","floor":46,"gold_loss":0}],"is_beta":false,"boss_relics":[{"not_picked":["Runic Dome","Sozu"],"picked":"Velvet Choker"},{"not_picked":["Snecko Eye","Cursed Key"],"picked":"Coffee Dripper"}],"items_purged_floors":[5,47],"is_endless":false,"potions_floor_spawned":[2,12,13,16,21,22,24,28,38,42,44,48],"killed_by":"Donu and Deca","ascension_level":20,"potion_discard_per_floor":[[],[],[],[],[],[],[],[],[],[],[],[],[],["SmokeBomb"],[],["Block Potion"],[],[],[],[],[],[],[],[],[],[],[],[],[],[],[],[],[],[],[],[],[],[],[],[],[],[],[],[],[],[],[],["Fire Potion"],[],[]]}