{"neow_bonuses_skipped_log":["THREE_CARDS","HUNDRED_GOLD","BOSS_RELIC"],"potions_obtained_entropic_brew":[[],[],[],[],[],[],[],[],[],[],[],[],[],[],[],[],[],[],[],[],[],[],[],[],[],[],[],[],[],[],[],[],[],[],[],[],[],[],[],[],[],[],[],[],[],[],[],[],[],[],[],[],[],[],[],[],[]],"neow_costs_skipped_log":["NONE","NONE","NONE"],"gold_per_floor":[115,190,240,259,274,274,287,322,370,370,399,428,474,13,13,87,87,104,104,122,132,57,89,89,115,189,217,235,253,273,373,373,447,447,467,477,494,512,57,91,91,124,124,124,95,130,130,130,130,130,130,130,130,5,39,39],"floor_reached":57,"playtime":6604,"items_purged":["Strike_B","Strike_B","Defend_B"],"score":3465,"play_id":"5009bd3b-2ccb-4801-beda-1a71093450f9","local_time":"20221206194424","score_breakdown":["Floors Climbed (57): 285","Enemies Slain (15): 30","Exordium Elites Killed (3): 30","City Elites Killed (3): 60","Beyond Elites Killed (3): 90","Bosses Slain (5): 750","Money Money (1117): 25","Collector (1): 25","Librarian: 25","Champion (3): 75","Beyond Perfect: 200","Overkill: 25","C-c-c-combo: 25","Ascension (20): 1570","Heartbreaker: 250"],"is_ascension_mode":true,"potions_obtained_alchemize":[[],[],[],[],[],[],[],[],[],[],[],[],[],[],[],[],[],[],[],[],[],[],[],[],[],[],[],[],[],[],[],[],[],[],[],[],[],[],[],[],[],[],[],[],[],[],[],[],[],[],[],[],[],[],[],[],[]],"campfire_choices":[{"data":"Dualcast","floor":6,"key":"SMITH"},{"data":"Apotheosis","floor":15,"key":"SMITH"},{"data":"Coolheaded","floor":24,"key":"SMITH"},{"data":"Heatsinks","floor":32,"key":"SMITH"},{"data":"Strike_B","floor":44,"key":"PURGE"},{"floor":47,"key":"RECALL"},{"data":"Defend_B","floor":49,"key":"PURGE"},{"data":"Defend_B","floor":53,"key":"PURGE"}],"lesson_learned_per_floor":[[],[],[],[],[],[],[],[],[],[],[],[],[],[],[],[],[],[],[],[],[],[],[],[],[],[],[],[],[],[],[],[],[],[],[],[],[],[],[],[],[],[],[],[],[],[],[],[],[],[],[],[],[],[],[],[],[]],"neow_cost":"TEN_PERCENT_HP_LOSS","improvable_cards":{},"seed_source_timestamp":9384359894022,"shop_contents":[{"floor":14,"relics":["Toy Ornithopter","PreservedInsect","Cauldron"],"cards":["Lockon","Scrape","Glacier","Redo"],"potions":["Explosive Potion","AttackPotion","Regen Potion"]},{"floor":22,"relics":["Regal Pillow","War Paint","Sling"],"cards":["Melter","Rip and Tear","Seek","Rainbow","Loop","PanicButton","Secret Weapon"],"potions":["GamblersBrew","Regen Potion","SpeedPotion"]},{"floor":39,"relics":["Lizard Tail","HandDrill"],"cards":["Gash","Sunder","Coolheaded","Defragment","Madness","The Bomb"],"potions":["FearPotion","SkillPotion","Fruit Juice"]},{"floor":45,"relics":["CeramicFish","Boot","Orrery"],"cards":["Sweeping Beam","Rip and Tear","Steam","Loop","Purity","Master of Strategy"],"potions":["EssenceOfDarkness","ColorlessPotion","FocusPotion"]},{"floor":54,"relics":["Blood Vial","Kunai","Chemical X"],"cards":["Rebound","Scrape","Rainbow","Turbo","Heatsinks","Discovery","Mayhem"],"potions":["PowerPotion","SpeedPotion","BlessingOfTheForge"]}],"circlet_count":0,"master_deck":["AscendersBane","Defend_B","Zap","Dualcast+1","Compile Driver","Ball Lightning","Hello World","Loop","Steam","Force Field","Sunder","Chill","BootSequence","Apotheosis+1","Biased Cognition","Panacea","Electrodynamics","Hologram","Coolheaded+1","Aggregate+1","Hologram","Coolheaded","Skim","Capacitor","Heatsinks+1","Darkness","Biased Cognition","Compile Driver","Meteor Strike","Steam Power+1","Coolheaded+1","Skim","PanicButton","Secret Weapon","Impatience","Go for the Eyes","Coolheaded","Compile Driver"],"potion_use_per_floor":[[],[],[],[],[],[],[],[],[],[],["LiquidMemories"],[],[],[],[],["Fire Potion"],[],[],[],[],[],[],[],[],[],[],["GamblersBrew"],[],[],[],[],[],["PowerPotion"],[],[],[],[],[],[],[],[],[],[],[],[],[],[],[],[],[],[],[],[],[],[],["FocusPotion","LiquidMemories"],[]],"relics":["Cracked Core","CaptainsWheel","Meat on the Bone","Bronze Scales","MawBank","Turnip","Nuclear Battery","Pen Nib","Orichalcum","Dream Catcher","Bird Faced Urn","Symbiotic Virus","Cursed Key","Mummified Hand","Peace Pipe","Eternal Feather","Unceasing Top","Cables"],"potions_floor_usage":[11,16,27,33,56,56],"damage_taken":[{"damage":4,"enemies":"2 Louse","floor":1,"turns":2},{"damage":0,"enemies":"Cultist","floor":4,"turns":4},{"damage":2,"enemies":"Jaw Worm","floor":5,"turns":3},{"damage":4,"enemies":"Large Slime","floor":7,"turns":5},{"damage":15,"enemies":"Lagavulin","floor":8,"turns":6},{"damage":12,"enemies":"Gremlin Nob","floor":11,"turns":4},{"damage":11,"enemies":"Looter","floor":12,"turns":2},{"damage":20,"enemies":"3 Sentries","floor":13,"turns":7},{"damage":6,"enemies":"The Guardian","floor":16,"turns":10},{"damage":4,"enemies":"Chosen","floor":18,"turns":3},{"damage":0,"enemies":"Spheric Guardian","floor":20,"turns":2},{"damage":0,"enemies":"Chosen and Byrds","floor":21,"turns":3},{"damage":0,"enemies":"Book of Stabbing","floor":23,"turns":5},{"damage":19,"enemies":"Gremlin Leader","floor":25,"turns":6},{"damage":19,"enemies":"Slavers","floor":27,"turns":4},{"damage":12,"enemies":"Snecko","floor":28,"turns":5},{"damage":0,"enemies":"3 Cultists","floor":29,"turns":4},{"damage":8,"enemies":"Centurion and Healer","floor":30,"turns":5},{"damage":10,"enemies":"Colosseum Slavers","floor":31,"turns":3},{"damage":13,"enemies":"Colosseum Nobs","floor":31,"turns":4},{"damage":0,"enemies":"Automaton","floor":33,"turns":10},{"damage":20,"enemies":"3 Darklings","floor":35,"turns":6},{"damage":0,"enemies":"3 Shapes","floor":36,"turns":3},{"damage":0,"enemies":"Spire Growth","floor":37,"turns":5},{"damage":12,"enemies":"Sphere and 2 Shapes","floor":38,"turns":4},{"damage":48,"enemies":"Nemesis","floor":40,"turns":7},{"damage":0,"enemies":"Giant Head","floor":42,"turns":4},{"damage":0,"enemies":"Reptomancer","floor":46,"turns":4},{"damage":0,"enemies":"Awakened One","floor":50,"turns":26},{"damage":0,"enemies":"Donu and Deca","floor":51,"turns":7},{"damage":35,"enemies":"Shield and Spear","floor":55,"turns":5},{"damage":42,"enemies":"The Heart","floor":56,"turns":8}],"green_key_taken_log":46,"seed_played":"-3735543588085614138","neow_bonus_log":{"cardsObtained":[],"cardsUpgraded":[],"cardsRemoved":[],"cardsTransformed":[],"relicsObtained":["CaptainsWheel"],"maxHpGained":0,"goldGained":0,"damageTaken":0,"goldLost":0,"maxHpLost":7},"potions_obtained":[{"floor":8,"key":"LiquidMemories"},{"floor":11,"key":"Fire Potion"},{"floor":16,"key":"GamblersBrew"},{"floor":20,"key":"Strength Potion"},{"floor":28,"key":"SkillPotion"},{"floor":29,"key":"PowerPotion"},{"floor":35,"key":"Explosive Potion"},{"floor":37,"key":"Energy Potion"},{"floor":38,"key":"FocusPotion"},{"floor":55,"key":"LiquidMemories"}],"is_trial":false,"path_per_floor":["M","?","?","M","M","R","M","E","T","?","E","M","E","$","R","B",null,"M","?","M","M","$","E","R","E","T","E","M","M","M","?","R","B",null,"M","M","M","M","$","E","?","E","T","R","$","E","R","T","R","B","B",null,"R","$","E","B",null],"character_chosen":"DEFECT","items_purchased":["Apotheosis","Biased Cognition","Panacea","Mummified Hand","Skim","Coolheaded"],"campfire_rested":0,"item_purchase_floors":[14,14,14,39,39,45],"current_hp_per_floor":[60,49,43,43,41,41,37,22,22,22,22,23,15,15,15,21,53,49,49,49,49,49,49,49,42,42,35,35,35,39,40,40,52,61,50,60,64,64,64,32,22,36,36,60,60,64,64,64,64,64,64,64,64,64,43,27],"gold":39,"neow_bonus":"ONE_RARE_RELIC","is_prod":false,"is_daily":false,"rewards_skipped":[{"floor":25,"relics":[],"potions":["EssenceOfSteel"]},{"floor":30,"relics":[],"potions":["Fire Potion"]},{"floor":46,"relics":[],"potions":["AttackPotion"]}],"chose_seed":false,"campfire_upgraded":4,"win_rate":0,"floor_exit_playtime":[71,74,109,170,236,245,346,404,407,429,584,607,705,877,890,1011,1068,1108,1136,1187,1285,1316,1453,1488,1663,1676,1801,1951,2153,2284,2664,2685,3121,3188,3548,3676,3922,4123,4166,4381,4434,4650,4697,4704,4735,4888,4901,4905,4931,5347,5602,5615,5633,5645,6029,6604],"timestamp":1670373864,"blue_key_relic_skipped_log":{"floor":26,"relicID":"Bottled Flame"},"path_taken":["M","?","?","M","?","R","M","E","T","?","E","M","E","$","R","BOSS","M","?","M","M","$","E","R","E","T","E","M","M","M","?","R","BOSS","M","M","M","M","$","E","?","E","T","R","$","E","R","?","R","BOSS","BOSS","R","$","E","BOSS"],"build_version":"2022-12-01","purchased_purges":3,"victory":true,"max_hp_per_floor":[64,64,64,64,64,64,64,64,64,64,64,64,64,64,64,64,64,64,64,64,64,64,64,64,64,64,64,64,64,64,64,64,64,64,64,64,64,64,64,64,64,64,64,64,64,64,64,64,64,64,64,64,64,64,64,64],"relic_stats":{"counters":[32,174],"Eternal Feather":24,"Pen Nib":[17],"Orichalcum":[78],"MawBank":36,"Cursed Key":0,"Cables":[7,0,6,1,0],"Peace Pipe":3,"Dream Catcher":0,"Mummified Hand":[66],"Bronze Scales":[585],"Bird Faced Urn":[85],"Turnip":[11],"obtain_stats":[{"Eternal Feather":42,"Pen Nib":23,"Orichalcum":25,"MawBank":11,"Cursed Key":34,"Nuclear Battery":17,"Cables":55,"Peace Pipe":40,"CaptainsWheel":0,"Dream Catcher":27,"Mummified Hand":39,"Bronze Scales":9,"Bird Faced Urn":31,"Turnip":13,"Cracked Core":0,"Symbiotic Virus":31,"Unceasing Top":46,"Meat on the Bone":8},{"Eternal Feather":27,"Pen Nib":13,"Orichalcum":14,"MawBank":6,"Cursed Key":21,"Nuclear Battery":9,"Cables":31,"Peace Pipe":26,"CaptainsWheel":0,"Dream Catcher":15,"Mummified Hand":25,"Bronze Scales":5,"Bird Faced Urn":20,"Turnip":8,"Cracked Core":0,"Symbiotic Virus":20,"Unceasing Top":28,"Meat on the Bone":5},{"Eternal Feather":124,"Pen Nib":55,"Orichalcum":61,"MawBank":24,"Cursed Key":95,"Nuclear Battery":43,"Cables":166,"Peace Pipe":120,"CaptainsWheel":0,"Dream Catcher":65,"Mummified Hand":113,"Bronze Scales":20,"Bird Faced Urn":85,"Turnip":33,"Cracked Core":0,"Symbiotic Virus":85,"Unceasing Top":128,"Meat on the Bone":20}],"Unceasing Top":[0],"Meat on the Bone":156},"card_choices":[{"not_picked":["Turbo","Beam Cell"],"picked":"Compile Driver","floor":1},{"not_picked":["Recycle","Barrage"],"picked":"Ball Lightning","floor":4},{"not_picked":["Capacitor","Ball Lightning"],"picked":"Hello World","floor":5},{"not_picked":["Meteor Strike","Beam Cell"],"picked":"Loop","floor":7},{"not_picked":["Scrape","Rip and Tear"],"picked":"Steam","floor":8},{"not_picked":["Go for the Eyes","Barrage"],"picked":"Sunder","floor":11},{"not_picked":["Aggregate","Streamline"],"picked":"Chill","floor":12},{"not_picked":["Aggregate","Barrage"],"picked":"BootSequence","floor":13},{"not_picked":["Buffer","Amplify"],"picked":"Electrodynamics","floor":16},{"not_picked":["Stack","Streamline"],"picked":"Hologram","floor":18},{"not_picked":["Static Discharge","Steam"],"picked":"Coolheaded","floor":20},{"not_picked":["Hologram","Gash"],"picked":"Aggregate+1","floor":21},{"not_picked":["Conserve Battery","Thunder Strike"],"picked":"Hologram","floor":23},{"not_picked":["Meteor Strike","Sweeping Beam"],"picked":"Coolheaded","floor":25},{"not_picked":["Chill","Streamline"],"picked":"Skim","floor":27},{"not_picked":["Genetic Algorithm","Barrage"],"picked":"Capacitor","floor":28},{"not_picked":["Static Discharge","Go for the Eyes"],"picked":"Heatsinks","floor":29},{"not_picked":["Heatsinks","Gash","Cold Snap"],"picked":"SKIP","floor":30},{"not_picked":["Heatsinks","Gash","Cold Snap"],"picked":"SKIP","floor":30},{"not_picked":["Gash","Fusion"],"picked":"Darkness","floor":31},{"not_picked":["Buffer","Rainbow"],"picked":"Biased Cognition","floor":33},{"not_picked":["Cold Snap","Steam"],"picked":"Compile Driver","floor":35},{"not_picked":["Turbo+1","Genetic Algorithm"],"picked":"Meteor Strike","floor":36},{"not_picked":["Static Discharge","Chill"],"picked":"Steam Power+1","floor":37},{"not_picked":["Sweeping Beam+1","Hologram"],"picked":"Coolheaded+1","floor":38},{"not_picked":["Ball Lightning","Beam Cell","Reprogram"],"picked":"SKIP","floor":40},{"not_picked":["Metamorphosis","Apotheosis"],"picked":"PanicButton","floor":41},{"not_picked":["Trip","Thinking Ahead"],"picked":"Secret Weapon","floor":41},{"not_picked":["Purity","Chrysalis"],"picked":"Impatience","floor":41},{"not_picked":["Stack","Blizzard"],"picked":"Go for the Eyes","floor":42},{"not_picked":["Rebound+1","Buffer"],"picked":"Compile Driver","floor":46},{"not_picked":["Go for the Eyes","Gash","Beam Cell"],"picked":"SKIP","floor":55}],"player_experience":4644022,"relics_obtained":[{"floor":8,"key":"Meat on the Bone"},{"floor":9,"key":"Bronze Scales"},{"floor":11,"key":"MawBank"},{"floor":13,"key":"Turnip"},{"floor":23,"key":"Pen Nib"},{"floor":25,"key":"Orichalcum"},{"floor":27,"key":"Dream Catcher"},{"floor":31,"key":"Bird Faced Urn"},{"floor":31,"key":"Symbiotic Virus"},{"floor":40,"key":"Peace Pipe"},{"floor":42,"key":"Eternal Feather"},{"floor":46,"key":"Unceasing Top"},{"floor":55,"key":"Cables"}],"event_choices":[{"damage_healed":0,"gold_gain":75,"player_choice":"Gather Gold","damage_taken":11,"max_hp_gain":0,"max_hp_loss":0,"event_name":"World of Goop","floor":2,"gold_loss":0},{"damage_healed":0,"gold_gain":50,"player_choice":"Touch","damage_taken":6,"max_hp_gain":0,"max_hp_loss":0,"event_name":"FaceTrader","floor":3,"gold_loss":0},{"damage_healed":0,"gold_gain":0,"cards_transformed":["Strike_B"],"player_choice":"Change","damage_taken":0,"max_hp_gain":0,"max_hp_loss":0,"event_name":"Living Wall","floor":10,"gold_loss":0,"cards_obtained":["Force Field"]},{"damage_healed":0,"gold_gain":0,"player_choice":"Ignored","damage_taken":0,"max_hp_gain":0,"max_hp_loss":0,"event_name":"Vampires","floor":19,"gold_loss":0},{"damage_healed":0,"gold_gain":0,"player_choice":"Fight","damage_taken":0,"max_hp_gain":0,"max_hp_loss":0,"event_name":"Colosseum","floor":31,"gold_loss":0},{"damage_healed":0,"gold_gain":0,"player_choice":"Fought Nobs","damage_taken":0,"max_hp_gain":0,"max_hp_loss":0,"event_name":"Colosseum","floor":31,"gold_loss":0},{"damage_healed":0,"gold_gain":0,"player_choice":"Memory 3","damage_taken":10,"max_hp_gain":0,"max_hp_loss":0,"event_name":"SensoryStone","floor":41,"gold_loss":0}],"is_beta":false,"boss_relics":[{"not_picked":["Empty Cage","Astrolabe"],"picked":"Nuclear Battery"},{"not_picked":["Calling Bell","Sozu"],"picked":"Cursed Key"}],"items_purged_floors":[22,39,54],"is_endless":false,"potions_floor_spawned":[8,11,16,20,25,28,29,30,35,37,38,46,55],"ascension_level":20,"potion_discard_per_floor":[[],[],[],[],[],[],[],[],[],[],[],[],[],[],[],[],[],[],[],[],[],[],[],[],[],[],[],[],["Strength Potion"],[],[],[],[],[],[],[],["SkillPotion"],["Explosive Potion"],[],[],[],[],[],[],[],[],[],[],[],[],[],[],[],[],["Energy Potion"],[],[]]}