{"neow_bonuses_skipped_log":["RANDOM_COLORLESS","RANDOM_COMMON_RELIC","BOSS_RELIC"],"potions_obtained_entropic_brew":[[],[],[],[],[],[],[],[],[],[],[],[],[],[],[],[],[],[],[],[],[],[],[],[],[],[],[],[],[],[],[],[],[],[],[],[],[],[],[],[],[],[],[],[],[],[],[],[],[],[],[],[],[],[],[],[],[]],"neow_costs_skipped_log":["NONE","NONE","NONE"],"gold_per_floor":[112,162,174,174,185,185,214,214,214,214,226,4,30,44,44,115,115,126,126,146,165,165,165,176,190,190,190,225,74,86,86,86,160,160,179,21,41,0,18,18,52,52,52,81,97,97,110,144,144,144,144,144,144,27,58,58],"floor_reached":57,"playtime":11152,"items_purged":["Decay"],"score":2969,"play_id":"11ecb1b4-d8ee-40f1-9dc8-68638ce01e8d","local_time":"20230125181827","score_breakdown":["Floors Climbed (57): 285","Enemies Slain (16): 32","Exordium Elites Killed (2): 20","City Elites Killed (1): 20","Beyond Elites Killed (3): 90","Bosses Slain (5): 750","Librarian: 25","Champion (5): 125","Overkill: 25","Ascension (20): 1347","Heartbreaker: 250"],"is_ascension_mode":true,"potions_obtained_alchemize":[[],[],[],[],[],[],[],[],[],[],[],[],[],[],[],[],[],[],[],[],[],[],[],[],[],[],[],[],[],[],[],[],[],[],[],[],[],[],[],[],[],[],[],[],[],[],[],[],[],[],[],[],[],[],[],[],[]],"campfire_choices":[{"data":"Corpse Explosion","floor":6,"key":"SMITH"},{"data":"Wraith Form v2","floor":8,"key":"SMITH"},{"floor":10,"key":"REST"},{"data":"Catalyst","floor":15,"key":"SMITH"},{"data":"Night Terror","floor":23,"key":"SMITH"},{"data":"Adrenaline","floor":27,"key":"SMITH"},{"data":"Wraith Form v2","floor":32,"key":"SMITH"},{"data":"Malaise","floor":40,"key":"SMITH"},{"floor":42,"key":"RECALL"},{"data":"Wraith Form v2","floor":46,"key":"SMITH"},{"data":"All Out Attack","floor":49,"key":"PURGE"},{"floor":53,"key":"REST"}],"lesson_learned_per_floor":[[],[],[],[],[],[],[],[],[],[],[],[],[],[],[],[],[],[],[],[],[],[],[],[],[],[],[],[],[],[],[],[],[],[],[],[],[],[],[],[],[],[],[],[],[],[],[],[],[],[],[],[],[],[],[],[],[]],"neow_cost":"TEN_PERCENT_HP_LOSS","improvable_cards":{"RitualDagger":[54]},"seed_source_timestamp":14357098264113,"shop_contents":[{"floor":12,"relics":["CaptainsWheel","Anchor"],"cards":["Finisher","Predator","Adrenaline","Footwork","Purity","Thinking Ahead"],"potions":["BlessingOfTheForge","EssenceOfSteel","PowerPotion"]},{"floor":29,"relics":["War Paint","Eternal Feather","Strange Spoon"],"cards":["Dagger Throw","Die Die Die","Dodge and Roll","Blade Dance","Dramatic Entrance","Panache"],"potions":["Poison Potion","SmokeBomb","LiquidBronze"]},{"floor":36,"relics":["Mango","Bag of Marbles"],"cards":["Quick Slash","Dagger Throw","Corpse Explosion","Blade Dance","Noxious Fumes","Swift Strike","Violence"],"potions":["Poison Potion","ColorlessPotion","FearPotion"]},{"floor":54,"relics":["Unceasing Top","Toy Ornithopter","OrangePellets"],"cards":["Unload+1","Poisoned Stab+1","Blade Dance","Footwork","Good Instincts","Master of Strategy"],"potions":["BlessingOfTheForge","Ancient Potion","AttackPotion"]}],"circlet_count":0,"master_deck":["AscendersBane","Survivor","Neutralize","Catalyst+1","Corpse Explosion+1","Backflip","Sucker Punch","Wraith Form v2+1","Endless Agony","Backstab","PiercingWail","Adrenaline+1","Night Terror+1","Underhanded Strike","Leg Sweep","Dagger Spray","Slice","Prepared","Die Die Die","Corpse Explosion","Calculated Gamble","RitualDagger","Backflip","Acrobatics","Footwork","Calculated Gamble","Escape Plan","Wraith Form v2+1","Calculated Gamble","Outmaneuver","Malaise+1","PiercingWail","Wraith Form v2+1","Outmaneuver+1","PiercingWail","Acrobatics+1","Tactician","Backflip"],"potion_use_per_floor":[[],[],[],[],[],[],[],[],[],[],[],[],["Strength Potion"],[],[],["Strength Potion"],[],[],[],[],[],[],[],[],["Regen Potion"],[],[],[],[],[],[],[],["Strength Potion"],[],[],[],[],[],[],[],[],[],[],[],[],[],[],[],[],[],[],[],[],[],[],[],[]],"relics":["Ring of the Snake","Peace Pipe","Ninja Scroll","ClockworkSouvenir","Vajra","Pandora\u0027s Box","HornCleat","Prayer Wheel","Runic Pyramid","TwistedFunnel","Red Mask","Lizard Tail","Akabeko","Molten Egg 2","Lantern","Ornamental Fan"],"potions_floor_usage":[13,16,25,33],"damage_taken":[{"damage":0,"enemies":"Small Slimes","floor":1,"turns":2},{"damage":0,"enemies":"Cultist","floor":3,"turns":3},{"damage":5,"enemies":"Jaw Worm","floor":5,"turns":4},{"damage":31,"enemies":"3 Sentries","floor":7,"turns":6},{"damage":2,"enemies":"Exordium Thugs","floor":11,"turns":3},{"damage":0,"enemies":"Gremlin Nob","floor":13,"turns":4},{"damage":0,"enemies":"Red Slaver","floor":14,"turns":2},{"damage":20,"enemies":"Hexaghost","floor":16,"turns":7},{"damage":0,"enemies":"Chosen","floor":18,"turns":3},{"damage":1,"enemies":"3 Byrds","floor":20,"turns":2},{"damage":0,"enemies":"Centurion and Healer","floor":21,"turns":5},{"damage":0,"enemies":"3 Cultists","floor":24,"turns":2},{"damage":0,"enemies":"Snecko","floor":25,"turns":2},{"damage":26,"enemies":"Book of Stabbing","floor":28,"turns":6},{"damage":0,"enemies":"Sentry and Sphere","floor":30,"turns":3},{"damage":3,"enemies":"Collector","floor":33,"turns":8},{"damage":0,"enemies":"3 Shapes","floor":35,"turns":4},{"damage":2,"enemies":"3 Darklings","floor":37,"turns":4},{"damage":0,"enemies":"Spire Growth","floor":39,"turns":5},{"damage":0,"enemies":"Nemesis","floor":41,"turns":9},{"damage":0,"enemies":"Giant Head","floor":44,"turns":4},{"damage":0,"enemies":"4 Shapes","floor":45,"turns":2},{"damage":0,"enemies":"Jaw Worm Horde","floor":47,"turns":6},{"damage":0,"enemies":"Reptomancer","floor":48,"turns":6},{"damage":22,"enemies":"Time Eater","floor":50,"turns":9},{"damage":18,"enemies":"Awakened One","floor":51,"turns":33},{"damage":0,"enemies":"Shield and Spear","floor":55,"turns":7},{"damage":67,"enemies":"The Heart","floor":56,"turns":9}],"green_key_taken_log":28,"seed_played":"215048901026671175","neow_bonus_log":{"cardsObtained":["Catalyst","Corpse Explosion"],"cardsUpgraded":[],"cardsRemoved":[],"cardsTransformed":["Defend_G","Strike_G"],"relicsObtained":[],"maxHpGained":0,"goldGained":0,"damageTaken":0,"goldLost":0,"maxHpLost":6},"potions_obtained":[{"floor":1,"key":"Strength Potion"},{"floor":3,"key":"SmokeBomb"},{"floor":7,"key":"Strength Potion"},{"floor":14,"key":"SpeedPotion"},{"floor":20,"key":"Poison Potion"},{"floor":24,"key":"Regen Potion"},{"floor":28,"key":"Strength Potion"},{"floor":44,"key":"SneckoOil"},{"floor":45,"key":"DuplicationPotion"},{"floor":48,"key":"SpeedPotion"}],"is_trial":false,"path_per_floor":["M","?","M","?","M","R","E","R","T","R","M","$","E","M","R","B",null,"M","?","M","M","T","R","M","M","T","R","E","$","M","?","R","B",null,"M","$","M","?","M","R","E","R","T","E","M","R","M","E","R","B","B",null,"R","$","E","B",null],"character_chosen":"THE_SILENT","items_purchased":["ClockworkSouvenir","PiercingWail","Wraith Form v2","TwistedFunnel","Tactician"],"campfire_rested":2,"item_purchase_floors":[12,12,29,36,54],"current_hp_per_floor":[59,53,53,53,48,48,17,17,17,35,33,33,33,33,33,13,48,48,42,41,41,41,41,41,46,46,46,20,20,20,20,20,17,49,49,49,47,47,47,47,47,47,47,47,47,47,47,47,47,25,7,47,60,60,60,23],"gold":58,"neow_bonus":"TRANSFORM_TWO_CARDS","is_prod":false,"is_daily":false,"rewards_skipped":[{"floor":30,"relics":[],"potions":["BlessingOfTheForge"]},{"floor":47,"relics":[],"potions":["Fire Potion"]},{"floor":55,"relics":[],"potions":["Explosive Potion"]}],"chose_seed":false,"campfire_upgraded":8,"win_rate":0,"floor_exit_playtime":[443,456,625,682,771,863,1544,1555,1590,1603,1712,1912,2131,2169,2175,2366,2867,3007,3211,3324,3575,3948,3956,4151,4254,4435,4471,4932,4998,5161,5276,5401,7284,7554,7724,7764,8003,8049,8123,8200,8490,8524,8528,8791,8906,8922,9196,9426,9458,9702,10543,10554,10617,10752,10928,11152],"timestamp":1674688707,"blue_key_relic_skipped_log":{"floor":26,"relicID":"The Specimen"},"path_taken":["M","?","?","?","M","R","E","R","T","R","M","$","E","M","R","BOSS","M","?","M","M","?","R","?","M","T","R","E","?","M","?","R","BOSS","M","$","M","?","M","R","E","R","T","E","M","R","M","E","R","BOSS","BOSS","R","$","E","BOSS"],"build_version":"2022-12-18","purchased_purges":1,"victory":true,"max_hp_per_floor":[60,60,60,60,60,60,60,60,60,60,60,60,60,60,60,60,60,60,60,60,60,60,60,60,60,60,60,60,60,60,60,60,60,60,60,60,60,60,60,60,60,60,60,60,60,60,60,60,60,60,60,60,60,60,60,60],"relic_stats":{"Peace Pipe":5,"Lizard Tail":30,"counters":[28,160],"Ornamental Fan":[4],"Pandora\u0027s Box":["Underhanded Strike","All Out Attack","Leg Sweep","Dagger Spray","Slice","Prepared","Die Die Die","Corpse Explosion"],"Prayer Wheel":6,"obtain_stats":[{"TwistedFunnel":36,"Lantern":48,"Vajra":13,"Akabeko":43,"ClockworkSouvenir":12,"Peace Pipe":7,"Lizard Tail":41,"HornCleat":22,"Ninja Scroll":9,"Ornamental Fan":55,"Pandora\u0027s Box":17,"Prayer Wheel":28,"Molten Egg 2":44,"Red Mask":38,"Ring of the Snake":0,"Runic Pyramid":34},{"TwistedFunnel":17,"Lantern":24,"Vajra":6,"Akabeko":20,"ClockworkSouvenir":5,"Peace Pipe":4,"Lizard Tail":20,"HornCleat":11,"Ninja Scroll":4,"Ornamental Fan":27,"Pandora\u0027s Box":8,"Prayer Wheel":14,"Molten Egg 2":21,"Red Mask":18,"Ring of the Snake":0,"Runic Pyramid":16},{"TwistedFunnel":66,"Lantern":102,"Vajra":22,"Akabeko":84,"ClockworkSouvenir":18,"Peace Pipe":15,"Lizard Tail":84,"HornCleat":41,"Ninja Scroll":15,"Ornamental Fan":151,"Pandora\u0027s Box":31,"Prayer Wheel":51,"Molten Egg 2":88,"Red Mask":70,"Ring of the Snake":0,"Runic Pyramid":62}],"Ring of the Snake":[53]},"card_choices":[{"not_picked":["Escape Plan","Dodge and Roll"],"picked":"Backflip","floor":1},{"not_picked":["Prepared","Backflip"],"picked":"Sucker Punch","floor":3},{"not_picked":["Predator","Reflex"],"picked":"Wraith Form v2","floor":5},{"not_picked":["Outmaneuver","Bane"],"picked":"Endless Agony","floor":7},{"not_picked":["Outmaneuver","Sucker Punch"],"picked":"Backstab","floor":11},{"not_picked":["Cloak And Dagger","Heel Hook","Setup"],"picked":"SKIP","floor":13},{"not_picked":["Cloak And Dagger","Heel Hook","Setup"],"picked":"SKIP","floor":13},{"not_picked":["Cloak And Dagger","Heel Hook","Setup"],"picked":"SKIP","floor":13},{"not_picked":["Deflect","Cloak And Dagger"],"picked":"Adrenaline","floor":14},{"not_picked":["Glass Knife","Doppelganger"],"picked":"Night Terror","floor":16},{"not_picked":["Outmaneuver","Underhanded Strike"],"picked":"Calculated Gamble","floor":18},{"not_picked":["Flying Knee","Reflex"],"picked":"Backflip","floor":20},{"not_picked":["Slice","Eviscerate+1"],"picked":"Acrobatics","floor":21},{"not_picked":["All Out Attack","Choke"],"picked":"Footwork","floor":24},{"not_picked":["Dash","Sucker Punch"],"picked":"Calculated Gamble","floor":25},{"not_picked":["Accuracy","Poisoned Stab"],"picked":"Escape Plan","floor":28},{"not_picked":["Flechettes","Slice"],"picked":"Calculated Gamble","floor":30},{"not_picked":["Footwork","Deflect"],"picked":"Outmaneuver","floor":30},{"not_picked":["Unload","Envenom"],"picked":"Malaise","floor":33},{"not_picked":["Deadly Poison","Caltrops","Flying Knee"],"picked":"SKIP","floor":35},{"not_picked":["Footwork+1","Endless Agony","Quick Slash+1"],"picked":"SKIP","floor":35},{"not_picked":["Slice","Dodge and Roll"],"picked":"PiercingWail","floor":37},{"not_picked":["Finisher","Leg Sweep","Footwork"],"picked":"SKIP","floor":37},{"not_picked":["Dagger Spray","Accuracy","Backstab"],"picked":"SKIP","floor":39},{"not_picked":["Masterful Stab","Footwork","All Out Attack"],"picked":"SKIP","floor":39},{"not_picked":["Underhanded Strike","Blade Dance+1","Flying Knee"],"picked":"SKIP","floor":41},{"not_picked":["Distraction","Deadly Poison","Dagger Throw+1"],"picked":"SKIP","floor":44},{"not_picked":["Sucker Punch+1","Quick Slash+1"],"picked":"Wraith Form v2","floor":45},{"not_picked":["Backflip","Accuracy+1"],"picked":"Outmaneuver+1","floor":45},{"not_picked":["Eviscerate+1","Distraction+1"],"picked":"PiercingWail","floor":47},{"not_picked":["Dash+1","Dagger Spray+1","Deadly Poison+1"],"picked":"SKIP","floor":47},{"not_picked":["Slice+1","Masterful Stab+1"],"picked":"Acrobatics+1","floor":48},{"not_picked":["Distraction+1","Endless Agony+1"],"picked":"Backflip","floor":55}],"player_experience":5077690,"relics_obtained":[{"floor":7,"key":"Peace Pipe"},{"floor":9,"key":"Ninja Scroll"},{"floor":13,"key":"Vajra"},{"floor":22,"key":"HornCleat"},{"floor":28,"key":"Prayer Wheel"},{"floor":41,"key":"Lizard Tail"},{"floor":43,"key":"Akabeko"},{"floor":44,"key":"Molten Egg 2"},{"floor":48,"key":"Lantern"},{"floor":55,"key":"Ornamental Fan"}],"event_choices":[{"damage_healed":0,"gold_gain":50,"player_choice":"Touch","damage_taken":6,"max_hp_gain":0,"max_hp_loss":0,"event_name":"FaceTrader","floor":2,"gold_loss":0},{"damage_healed":0,"gold_gain":0,"player_choice":"Ignored","damage_taken":0,"max_hp_gain":0,"max_hp_loss":0,"event_name":"Liars Game","floor":4,"gold_loss":0},{"damage_healed":0,"gold_gain":0,"player_choice":"Joined the Cult","damage_taken":6,"max_hp_gain":0,"max_hp_loss":0,"event_name":"Nest","floor":19,"gold_loss":0,"cards_obtained":["RitualDagger"]},{"damage_healed":0,"gold_gain":0,"player_choice":"Smashed Altar","damage_taken":0,"max_hp_gain":0,"max_hp_loss":0,"event_name":"Forgotten Altar","floor":31,"gold_loss":0,"cards_obtained":["Decay"]},{"damage_healed":0,"gold_gain":0,"player_choice":"Paid","damage_taken":0,"relics_obtained":["Red Mask"],"max_hp_gain":0,"max_hp_loss":0,"event_name":"Tomb of Lord Red Mask","floor":38,"gold_loss":41}],"is_beta":false,"boss_relics":[{"not_picked":["Busted Crown","HoveringKite"],"picked":"Pandora\u0027s Box"},{"not_picked":["WristBlade","Empty Cage"],"picked":"Runic Pyramid"}],"items_purged_floors":[54],"is_endless":false,"potions_floor_spawned":[1,3,7,14,20,24,28,30,44,45,47,48,55],"ascension_level":20,"potion_discard_per_floor":[[],[],[],[],[],[],["SmokeBomb"],[],[],[],[],[],[],[],[],[],[],[],[],[],[],[],[],["Poison Potion"],[],[],[],[],[],[],[],[],[],[],[],[],[],[],[],[],[],[],[],[],["SneckoOil"],[],[],["SpeedPotion"],[],[],[],[],[],[],[],[],[]]}