{"neow_bonuses_skipped_log":["REMOVE_CARD","THREE_ENEMY_KILL","BOSS_RELIC"],"potions_obtained_entropic_brew":[[],[],[],[],[],[],[],[],[],[],[],[],[],[],[],[],[],[],[],[],[],[],[],[],[],[],[],[],[],[],[],[],[],[],[],[],[],[],[],[],[],[],[],[],[],[],[],[],[],[],[],[],[],[],[],[],[]],"neow_costs_skipped_log":["NONE","NONE","NONE"],"gold_per_floor":[112,112,132,143,154,188,188,207,207,207,36,74,74,74,74,162,162,172,181,207,236,11,52,74,111,111,136,171,216,227,13,13,97,97,121,121,121,138,158,158,201,201,270,305,305,305,175,199,199,199,199,199,199,6,35,35],"floor_reached":57,"playtime":13614,"items_purged":["Writhe","Decay","Defend_G"],"score":2910,"play_id":"769b6112-d573-44cf-8453-6aaf8511a1db","local_time":"20230123195406","falling_options_log":["Bite","Wraith Form v2+1"],"score_breakdown":["Floors Climbed (57): 285","Enemies Slain (15): 30","Exordium Elites Killed (2): 20","City Elites Killed (3): 60","Beyond Elites Killed (2): 60","Bosses Slain (5): 750","Collector (1): 25","Librarian: 25","Champion (3): 75","Overkill: 25","Ascension (20): 1305","Heartbreaker: 250"],"is_ascension_mode":true,"potions_obtained_alchemize":[[],[],[],[],[],[],[],[],[],[],[],[],[],[],[],[],[],[],[],[],[],[],[],[],[],[],[],[],[],[],[],[],[],[],[],[],[],[],[],[],[],[],[],[],[],[],[],[],[],[],[],[],[],[],[],[],[]],"campfire_choices":[{"data":"Dagger Spray","floor":7,"key":"SMITH"},{"floor":10,"key":"REST"},{"data":"Wraith Form v2","floor":13,"key":"SMITH"},{"data":"Bouncing Flask","floor":15,"key":"SMITH"},{"data":"Burst","floor":32,"key":"SMITH"},{"data":"Wraith Form v2","floor":40,"key":"SMITH"},{"data":"Corpse Explosion","floor":42,"key":"SMITH"},{"floor":46,"key":"RECALL"},{"data":"Well Laid Plans","floor":49,"key":"SMITH"},{"data":"Acrobatics","floor":53,"key":"SMITH"}],"lesson_learned_per_floor":[[],[],[],[],[],[],[],[],[],[],[],[],[],[],[],[],[],[],[],[],[],[],[],[],[],[],[],[],[],[],[],[],[],[],[],[],[],[],[],[],[],[],[],[],[],[],[],[],[],[],[],[],[],[],[],[],[]],"neow_cost":"CURSE","improvable_cards":{},"seed_source_timestamp":23947853186726,"shop_contents":[{"floor":11,"relics":["Ornamental Fan","OrangePellets"],"cards":["Dagger Spray","Unload","Concentrate","Storm of Steel","Footwork","Finesse","The Bomb"],"potions":["Block Potion","CunningPotion","Energy Potion"]},{"floor":22,"relics":["Bird Faced Urn","Ginger"],"cards":["Endless Agony","Sucker Punch","PiercingWail","Caltrops","Madness","Magnetism"],"potions":["SteroidPotion","DistilledChaos","BlessingOfTheForge"]},{"floor":31,"relics":["Calipers","Sundial"],"cards":["Die Die Die","Underhanded Strike","Prepared","Leg Sweep","Footwork","Jack Of All Trades","Thinking Ahead"],"potions":["Fire Potion","ColorlessPotion","PowerPotion"]},{"floor":47,"relics":["Shuriken","Tough Bandages","Lee\u0027s Waffle"],"cards":["Poisoned Stab","Dagger Throw","Deadly Poison","Tactician","Discovery","HandOfGreed"],"potions":["Strength Potion","LiquidBronze","LiquidBronze"]},{"floor":54,"relics":["Boot","Mummified Hand","Medical Kit"],"cards":["Poisoned Stab","Flying Knee","Storm of Steel","Accuracy","Purity","Thinking Ahead"],"potions":["Dexterity Potion","Fire Potion"]}],"circlet_count":0,"master_deck":["AscendersBane","Defend_G+1","Defend_G","Defend_G","Survivor+1","Neutralize","Secret Technique","Backstab","Flying Knee","Dagger Spray+1","Sucker Punch","Acrobatics","Bouncing Flask+1","Wraith Form v2+1","Malaise","Slice","Dagger Throw","Wraith Form v2+1","Terror","Burst+1","PiercingWail","Acrobatics+1","PiercingWail","Reflex","Bite","Bite","Bite","Bite","Bite","Wraith Form v2+1","Masterful Stab+1","Corpse Explosion+1","Well Laid Plans+1","Calculated Gamble","Bouncing Flask"],"potion_use_per_floor":[[],[],[],[],[],["Poison Potion","Block Potion"],[],[],[],[],[],[],[],[],[],["DistilledChaos"],[],["Explosive Potion"],[],[],[],[],["LiquidBronze"],[],[],[],[],[],[],[],[],[],[],[],[],[],[],[],[],[],[],[],[],[],[],[],[],[],[],["LiquidMemories"],["LiquidMemories"],[],[],[],[],["FairyPotion"],[]],"relics":["Ring of the Serpent","TungstenRod","CeramicFish","Mercury Hourglass","Orichalcum","Smiling Mask","Philosopher\u0027s Stone","Meat on the Bone","DollysMirror","Ninja Scroll","Nunchaku","Blue Candle","Akabeko","TwistedFunnel","The Specimen","StrikeDummy","Du-Vu Doll"],"potions_floor_usage":[6,6,16,18,23,50,51],"damage_taken":[{"damage":10,"enemies":"Cultist","floor":1,"turns":5},{"damage":8,"enemies":"Jaw Worm","floor":3,"turns":4},{"damage":0,"enemies":"2 Louse","floor":4,"turns":3},{"damage":5,"enemies":"Looter","floor":5,"turns":4},{"damage":14,"enemies":"Gremlin Nob","floor":6,"turns":4},{"damage":0,"enemies":"2 Fungi Beasts","floor":8,"turns":2},{"damage":5,"enemies":"3 Sentries","floor":12,"turns":4},{"damage":11,"enemies":"The Guardian","floor":16,"turns":10},{"damage":1,"enemies":"2 Thieves","floor":18,"turns":2},{"damage":0,"enemies":"Chosen","floor":20,"turns":4},{"damage":18,"enemies":"Shelled Parasite and Fungi","floor":21,"turns":7},{"damage":4,"enemies":"Gremlin Leader","floor":23,"turns":7},{"damage":0,"enemies":"Sentry and Sphere","floor":24,"turns":5},{"damage":0,"enemies":"Slavers","floor":25,"turns":5},{"damage":9,"enemies":"Centurion and Healer","floor":27,"turns":7},{"damage":0,"enemies":"Book of Stabbing","floor":28,"turns":7},{"damage":0,"enemies":"Cultist and Chosen","floor":30,"turns":5},{"damage":26,"enemies":"Automaton","floor":33,"turns":12},{"damage":0,"enemies":"3 Darklings","floor":35,"turns":7},{"damage":5,"enemies":"Orb Walker","floor":38,"turns":2},{"damage":2,"enemies":"Writhing Mass","floor":39,"turns":9},{"damage":0,"enemies":"Nemesis","floor":41,"turns":8},{"damage":2,"enemies":"Giant Head","floor":44,"turns":8},{"damage":0,"enemies":"4 Shapes","floor":48,"turns":4},{"damage":20,"enemies":"Awakened One","floor":50,"turns":21},{"damage":53,"enemies":"Time Eater","floor":51,"turns":16},{"damage":6,"enemies":"Shield and Spear","floor":55,"turns":6},{"damage":69,"enemies":"The Heart","floor":56,"turns":13}],"green_key_taken_log":23,"seed_played":"-6839020944724969869","neow_bonus_log":{"cardsObtained":["Decay"],"cardsUpgraded":[],"cardsRemoved":[],"cardsTransformed":[],"relicsObtained":[],"maxHpGained":0,"goldGained":0,"damageTaken":0,"goldLost":0,"maxHpLost":0},"potions_obtained":[{"floor":1,"key":"Block Potion"},{"floor":3,"key":"Poison Potion"},{"floor":8,"key":"DistilledChaos"},{"floor":12,"key":"LiquidBronze"},{"floor":16,"key":"Explosive Potion"},{"floor":21,"key":"LiquidMemories"},{"floor":25,"key":"EssenceOfSteel"},{"floor":27,"key":"BlessingOfTheForge"},{"floor":35,"key":"LiquidMemories"},{"floor":55,"key":"Weak Potion"}],"is_trial":false,"path_per_floor":["M","T","M","M","M","E","R","M","T","R","$","E","R","?","R","B",null,"M","?","M","M","$","E","M","E","T","M","E","?","M","$","R","B",null,"M","?","?","M","M","R","E","R","T","E","?","R","$","M","R","B","B",null,"R","$","E","B",null],"character_chosen":"THE_SILENT","items_purchased":["Orichalcum","DollysMirror","Terror","TwistedFunnel","Well Laid Plans","FairyPotion","Bouncing Flask"],"campfire_rested":1,"item_purchase_floors":[11,22,22,31,47,54,54],"current_hp_per_floor":[49,49,41,41,36,22,22,22,22,41,41,36,36,17,17,6,51,50,50,50,44,44,40,40,40,40,43,43,43,46,46,46,36,44,46,46,46,41,46,46,46,46,46,46,44,44,44,44,44,44,29,40,40,40,44,29],"gold":35,"neow_bonus":"RANDOM_COLORLESS_2","is_prod":false,"is_daily":false,"rewards_skipped":[{"floor":33,"relics":[],"potions":["SpeedPotion"]},{"floor":38,"relics":[],"potions":["Energy Potion"]},{"floor":44,"relics":[],"potions":["LiquidMemories"]}],"chose_seed":false,"campfire_upgraded":8,"win_rate":0,"floor_exit_playtime":[395,399,469,539,629,787,794,946,951,955,998,1121,1129,1162,1184,2260,2751,3257,3290,3555,3915,4025,4264,4378,4651,4702,5137,5313,5344,5579,5836,5844,6966,7551,7731,7761,7811,7961,8283,8300,8525,8547,8559,8872,8894,8899,9051,9115,9131,10198,12576,12588,12651,12776,12999,13614],"timestamp":1674521646,"blue_key_relic_skipped_log":{"floor":43,"relicID":"White Beast Statue"},"path_taken":["M","?","M","M","M","E","R","M","T","R","$","E","R","?","R","BOSS","M","?","M","M","$","E","M","E","T","M","E","?","M","$","R","BOSS","M","?","?","M","M","R","E","R","T","E","?","R","$","M","R","BOSS","BOSS","R","$","E","BOSS"],"build_version":"2022-12-18","purchased_purges":3,"victory":true,"max_hp_per_floor":[66,66,66,66,66,66,66,66,66,66,66,66,66,66,66,66,66,66,66,66,66,66,66,66,66,66,66,66,46,46,46,46,46,46,46,46,46,46,46,46,46,46,46,46,44,44,44,44,44,44,44,44,44,44,44,44],"relic_stats":{"Nunchaku":[27],"The Specimen":[15],"counters":[28,190],"CeramicFish":225,"Blue Candle":[11],"Orichalcum":[828],"Smiling Mask":150,"obtain_stats":[{"TwistedFunnel":31,"The Specimen":41,"CeramicFish":6,"Blue Candle":26,"Orichalcum":11,"Smiling Mask":12,"Akabeko":28,"Mercury Hourglass":9,"Du-Vu Doll":55,"Nunchaku":25,"DollysMirror":22,"Ninja Scroll":23,"Philosopher\u0027s Stone":17,"StrikeDummy":44,"TungstenRod":2,"Ring of the Serpent":34,"Ring of the Snake":0,"Meat on the Bone":19},{"TwistedFunnel":17,"The Specimen":22,"CeramicFish":5,"Blue Candle":14,"Orichalcum":6,"Smiling Mask":7,"Akabeko":16,"Mercury Hourglass":6,"Du-Vu Doll":27,"Nunchaku":14,"DollysMirror":11,"Ninja Scroll":12,"Philosopher\u0027s Stone":8,"StrikeDummy":23,"TungstenRod":1,"Ring of the Serpent":18,"Ring of the Snake":0,"Meat on the Bone":9},{"TwistedFunnel":85,"The Specimen":123,"CeramicFish":20,"Blue Candle":66,"Orichalcum":22,"Smiling Mask":26,"Akabeko":80,"Mercury Hourglass":22,"Du-Vu Doll":177,"Nunchaku":66,"DollysMirror":49,"Ninja Scroll":56,"Philosopher\u0027s Stone":36,"StrikeDummy":131,"TungstenRod":5,"Ring of the Serpent":97,"Ring of the Snake":0,"Meat on the Bone":38}],"TungstenRod":113,"Mercury Hourglass":[577],"Meat on the Bone":48},"card_choices":[{"not_picked":["The Bomb","Sadistic Nature"],"picked":"Secret Technique","floor":0},{"not_picked":["Dash","Dagger Throw"],"picked":"Backstab","floor":1},{"not_picked":["Quick Slash","Concentrate"],"picked":"Flying Knee","floor":3},{"not_picked":["Quick Slash","Poisoned Stab"],"picked":"Dagger Spray","floor":4},{"not_picked":["Backflip","Prepared"],"picked":"Sucker Punch","floor":5},{"not_picked":["Deflect","Distraction"],"picked":"Acrobatics","floor":6},{"not_picked":["Concentrate","Dagger Throw"],"picked":"Bouncing Flask","floor":8},{"not_picked":["Backstab","Blade Dance"],"picked":"Wraith Form v2","floor":12},{"not_picked":["Bullet Time","Storm of Steel"],"picked":"Malaise","floor":16},{"not_picked":["Bane","Deadly Poison","Prepared"],"picked":"SKIP","floor":18},{"not_picked":["Distraction","Deflect"],"picked":"Slice","floor":20},{"not_picked":["Quick Slash","Outmaneuver"],"picked":"Dagger Throw","floor":21},{"not_picked":["Reflex","Dodge and Roll"],"picked":"Burst","floor":23},{"not_picked":["Deflect","Poisoned Stab"],"picked":"PiercingWail","floor":24},{"not_picked":["Bouncing Flask","Bane"],"picked":"Acrobatics","floor":25},{"not_picked":["Slice","Predator"],"picked":"PiercingWail","floor":27},{"not_picked":["Bane","Flying Knee"],"picked":"Reflex","floor":28},{"not_picked":["All Out Attack","Infinite Blades","Deadly Poison"],"picked":"SKIP","floor":30},{"not_picked":["Storm of Steel","Venomology"],"picked":"Wraith Form v2","floor":33},{"not_picked":["PiercingWail","Sucker Punch"],"picked":"Masterful Stab+1","floor":35},{"not_picked":["Prepared","Blade Dance","Dodge and Roll"],"picked":"SKIP","floor":38},{"not_picked":["Masterful Stab+1","Dagger Spray+1","Heel Hook"],"picked":"SKIP","floor":39},{"not_picked":["Masterful Stab+1","Dagger Spray+1","Heel Hook"],"picked":"SKIP","floor":39},{"not_picked":["Bane","Choke+1"],"picked":"Corpse Explosion","floor":41},{"not_picked":["Dodge and Roll","Envenom","Escape Plan"],"picked":"SKIP","floor":44},{"not_picked":["Outmaneuver","Blur"],"picked":"Calculated Gamble","floor":48},{"not_picked":["Blur","Infinite Blades+1","Endless Agony"],"picked":"SKIP","floor":55}],"player_experience":5062358,"relics_obtained":[{"floor":2,"key":"TungstenRod"},{"floor":6,"key":"CeramicFish"},{"floor":9,"key":"Mercury Hourglass"},{"floor":12,"key":"Smiling Mask"},{"floor":23,"key":"Ninja Scroll"},{"floor":25,"key":"Nunchaku"},{"floor":26,"key":"Blue Candle"},{"floor":28,"key":"Akabeko"},{"floor":41,"key":"The Specimen"},{"floor":44,"key":"StrikeDummy"},{"floor":55,"key":"Du-Vu Doll"}],"event_choices":[{"damage_healed":0,"gold_gain":0,"player_choice":"Entered Light","damage_taken":20,"max_hp_gain":0,"max_hp_loss":0,"event_name":"Shining Light","floor":14,"gold_loss":0,"cards_upgraded":["Defend_G","Survivor"]},{"damage_healed":0,"gold_gain":0,"player_choice":"Opened","damage_taken":0,"relics_obtained":["Meat on the Bone"],"max_hp_gain":0,"max_hp_loss":0,"event_name":"The Mausoleum","floor":19,"gold_loss":0,"cards_obtained":["Writhe"]},{"damage_healed":0,"gold_gain":0,"player_choice":"Became a vampire","damage_taken":0,"max_hp_gain":0,"max_hp_loss":20,"event_name":"Vampires","floor":29,"gold_loss":0,"cards_obtained":["Bite","Bite","Bite","Bite","Bite"]},{"cards_removed":["Defend_G"],"damage_healed":0,"gold_gain":0,"player_choice":"Removed Skill","damage_taken":0,"max_hp_gain":0,"max_hp_loss":0,"event_name":"Falling","floor":36,"gold_loss":0},{"damage_healed":0,"gold_gain":0,"player_choice":"Ignored","damage_taken":0,"max_hp_gain":0,"max_hp_loss":0,"event_name":"Tomb of Lord Red Mask","floor":37,"gold_loss":0},{"damage_healed":0,"gold_gain":0,"player_choice":"Max HP","damage_taken":0,"max_hp_gain":0,"max_hp_loss":2,"event_name":"Winding Halls","floor":45,"gold_loss":0}],"is_beta":false,"boss_relics":[{"not_picked":["Snecko Eye","Busted Crown"],"picked":"Philosopher\u0027s Stone"},{"not_picked":["Pandora\u0027s Box","Tiny House"],"picked":"Ring of the Serpent"}],"items_purged_floors":[31,47,54],"is_endless":false,"potions_floor_spawned":[1,3,8,12,16,21,25,27,33,35,38,44,55],"ascension_level":20,"potion_discard_per_floor":[[],[],[],[],[],[],[],[],[],[],[],[],[],[],[],[],[],[],[],[],[],[],[],[],[],[],["EssenceOfSteel"],[],[],[],[],[],[],[],["BlessingOfTheForge"],[],[],[],[],[],[],[],[],[],[],[],[],[],[],[],[],[],[],[],[],[],[]]}