{"neow_bonuses_skipped_log":["REMOVE_CARD","RANDOM_COMMON_RELIC","BOSS_RELIC"],"potions_obtained_entropic_brew":[[],[],[],[],[],[],[],[],[],[],[],[],[],[],[],[],[],[],[],[],[]],"neow_costs_skipped_log":["NONE","NONE","NONE"],"gold_per_floor":[363,14,14,33,33,60,60,92,92,102,114,114,129,159,159,231,231,231,151,151,151],"floor_reached":21,"playtime":2056,"items_purged":["Defend_G"],"score":448,"play_id":"9349e4a5-b781-4285-b22f-557c7fc1dede","local_time":"20230126132508","score_breakdown":["Floors Climbed (21): 105","Enemies Slain (7): 14","Exordium Elites Killed (3): 30","City Elites Killed (0): 0","Bosses Slain (1): 50","Champion (1): 25","Ascension (20): 224"],"is_ascension_mode":true,"potions_obtained_alchemize":[[],[],[],[],[],[],[],[],[],[],[],[],[],[],[],[],[],[],[],[],[]],"campfire_choices":[{"floor":7,"key":"REST"},{"data":"All Out Attack","floor":12,"key":"SMITH"},{"floor":15,"key":"REST"}],"lesson_learned_per_floor":[[],[],[],[],[],[],[],[],[],[],[],[],[],[],[],[],[],[],[],[],[]],"neow_cost":"TEN_PERCENT_HP_LOSS","improvable_cards":{},"seed_source_timestamp":4084912437457,"shop_contents":[{"floor":2,"relics":["Letter Opener","Paper Crane"],"cards":["Riddle With Holes","Skewer","Cloak And Dagger","Backflip","Infinite Blades","Magnetism"],"potions":["GamblersBrew","CultistPotion","DuplicationPotion"]}],"circlet_count":0,"master_deck":["AscendersBane","Strike_G","Strike_G+1","Strike_G","Strike_G+1","Strike_G","Defend_G","Defend_G","Defend_G","Defend_G","Survivor","Neutralize","All Out Attack+1","Trip","Dagger Throw","Masterful Stab","Caltrops","Infinite Blades","Backflip","Well Laid Plans","Phantasmal Killer","Footwork+1","Dagger Spray"],"potion_use_per_floor":[[],[],[],[],[],["Fire Potion"],[],["Swift Potion"],[],[],[],[],[],[],[],["ColorlessPotion","SkillPotion"],[],[],["EssenceOfSteel"],[],["Dexterity Potion"]],"relics":["Ring of the Snake","OrangePellets","InkBottle","Omamori","Matryoshka","Girya","Ectoplasm","Red Mask"],"potions_floor_usage":[6,8,16,16,19,21],"damage_taken":[{"damage":7,"enemies":"Jaw Worm","floor":1,"turns":5},{"damage":0,"enemies":"2 Louse","floor":4,"turns":2},{"damage":9,"enemies":"3 Sentries","floor":6,"turns":6},{"damage":0,"enemies":"Gremlin Nob","floor":8,"turns":3},{"damage":0,"enemies":"Small Slimes","floor":10,"turns":2},{"damage":1,"enemies":"2 Fungi Beasts","floor":11,"turns":2},{"damage":3,"enemies":"Large Slime","floor":13,"turns":5},{"damage":34,"enemies":"3 Sentries","floor":14,"turns":7},{"damage":5,"enemies":"Hexaghost","floor":16,"turns":9},{"damage":11,"enemies":"Spheric Guardian","floor":18,"turns":3},{"damage":4,"enemies":"2 Thieves","floor":19,"turns":4},{"damage":29,"enemies":"Masked Bandits","floor":20,"turns":4},{"damage":7,"enemies":"Snake Plant","floor":21,"turns":2}],"seed_played":"-7788767293498836256","neow_bonus_log":{"cardsObtained":[],"cardsUpgraded":[],"cardsRemoved":[],"cardsTransformed":[],"relicsObtained":[],"maxHpGained":0,"goldGained":250,"damageTaken":0,"goldLost":0,"maxHpLost":6},"potions_obtained":[{"floor":1,"key":"Fire Potion"},{"floor":6,"key":"Swift Potion"},{"floor":10,"key":"SkillPotion"},{"floor":13,"key":"ColorlessPotion"},{"floor":16,"key":"EssenceOfSteel"},{"floor":18,"key":"Dexterity Potion"}],"is_trial":false,"path_per_floor":["M","$","?","M","?","E","R","E","T","M","M","R","M","E","R","B",null,"M","M","?","M"],"character_chosen":"THE_SILENT","items_purchased":["Trip","OrangePellets"],"campfire_rested":2,"item_purchase_floors":[2,2],"current_hp_per_floor":[52,52,52,52,34,25,43,43,43,43,42,42,39,5,23,18,50,39,35,6,0],"gold":151,"neow_bonus":"TWO_FIFTY_GOLD","is_prod":false,"is_daily":false,"rewards_skipped":[],"chose_seed":false,"campfire_upgraded":1,"win_rate":0,"floor_exit_playtime":[202,343,355,393,417,575,581,675,679,704,781,787,874,1003,1007,1301,1655,1753,1866,2017],"timestamp":1674757508,"path_taken":["M","$","?","M","?","E","R","E","T","M","M","R","M","E","R","BOSS","M","M","?","M"],"build_version":"2022-12-18","purchased_purges":1,"victory":false,"max_hp_per_floor":[60,60,60,60,60,60,60,60,60,60,60,60,60,60,60,60,60,60,60,60,60],"relic_stats":{"OrangePellets":[2],"Girya":0,"Matryoshka":0,"counters":[13,54],"Ectoplasm":103,"Omamori":0,"obtain_stats":[{"OrangePellets":2,"Girya":14,"Matryoshka":9,"Ectoplasm":17,"Omamori":8,"Red Mask":20,"InkBottle":6,"Ring of the Snake":0},{"OrangePellets":1,"Girya":8,"Matryoshka":4,"Ectoplasm":9,"Omamori":4,"Red Mask":12,"InkBottle":3,"Ring of the Snake":0},{"OrangePellets":5,"Girya":32,"Matryoshka":16,"Ectoplasm":41,"Omamori":16,"Red Mask":52,"InkBottle":13,"Ring of the Snake":0}],"InkBottle":[17],"Ring of the Snake":[26]},"card_choices":[{"not_picked":["Blur","Dodge and Roll"],"picked":"All Out Attack","floor":1},{"not_picked":["Flying Knee","Outmaneuver"],"picked":"Dagger Throw","floor":4},{"not_picked":["Finisher","Heel Hook"],"picked":"Masterful Stab","floor":6},{"not_picked":["Bane","Dagger Spray"],"picked":"Caltrops","floor":8},{"not_picked":["Accuracy","Bane","Catalyst"],"picked":"SKIP","floor":10},{"not_picked":["Quick Slash","PiercingWail"],"picked":"Infinite Blades","floor":11},{"not_picked":["Deflect","Tactician"],"picked":"Backflip","floor":13},{"not_picked":["Dagger Spray","Bane"],"picked":"Well Laid Plans","floor":14},{"not_picked":["Tools of the Trade","A Thousand Cuts"],"picked":"Phantasmal Killer","floor":16},{"not_picked":["Dodge and Roll","Deflect"],"picked":"Footwork+1","floor":18},{"not_picked":["Deadly Poison","Bane","Setup"],"picked":"SKIP","floor":19},{"not_picked":["Sucker Punch","Quick Slash"],"picked":"Dagger Spray","floor":20}],"player_experience":5088842,"relics_obtained":[{"floor":6,"key":"InkBottle"},{"floor":8,"key":"Omamori"},{"floor":9,"key":"Matryoshka"},{"floor":14,"key":"Girya"},{"floor":20,"key":"Red Mask"}],"event_choices":[{"damage_healed":0,"gold_gain":0,"player_choice":"Ignored","damage_taken":0,"max_hp_gain":0,"max_hp_loss":0,"event_name":"Liars Game","floor":3,"gold_loss":0},{"damage_healed":0,"gold_gain":0,"player_choice":"Entered Light","damage_taken":18,"max_hp_gain":0,"max_hp_loss":0,"event_name":"Shining Light","floor":5,"gold_loss":0,"cards_upgraded":["Strike_G","Strike_G"]},{"damage_healed":0,"gold_gain":0,"player_choice":"Fought Bandits","damage_taken":0,"max_hp_gain":0,"max_hp_loss":0,"event_name":"Masked Bandits","floor":20,"gold_loss":0}],"is_beta":false,"boss_relics":[{"not_picked":["SlaversCollar","SacredBark"],"picked":"Ectoplasm"}],"items_purged_floors":[2],"is_endless":false,"potions_floor_spawned":[1,6,10,13,16,18],"killed_by":"Snake Plant","ascension_level":20,"potion_discard_per_floor":[[],[],[],[],[],[],[],[],[],[],[],[],[],[],[],[],[],[],[],[],[]]}