{"neow_bonuses_skipped_log":["TEN_PERCENT_HP_BONUS","TWENTY_PERCENT_HP_BONUS","BOSS_RELIC"],"potions_obtained_entropic_brew":[[],[],[],[],[],[],[],[],[],[],[],[],[],[],[],[],[],[],[],[],[],[],[],[],[],[],[],[],[],[],[],[],[],[],[],[],[],[],[],[],[],[],[],[],[],[],[],[],[],[],[],[],[],[],[],[],[]],"neow_costs_skipped_log":["NONE","NO_GOLD","NONE"],"gold_per_floor":[114,114,126,144,157,183,183,215,239,239,37,60,60,104,104,223,223,239,239,45,83,83,83,99,132,158,158,204,218,218,231,231,321,321,342,362,382,382,382,417,417,451,451,492,492,214,259,157,157,157,157,157,157,11,51,51],"floor_reached":57,"playtime":11522,"items_purged":["Decay","Unload","All Out Attack+1"],"score":2744,"play_id":"8bccba5c-097f-4f14-ae6b-72960ba6b933","local_time":"20230313210952","score_breakdown":["Floors Climbed (57): 285","Enemies Slain (16): 32","Exordium Elites Killed (2): 20","City Elites Killed (1): 20","Beyond Elites Killed (3): 90","Bosses Slain (5): 750","Collector (1): 25","Librarian: 25","Overkill: 25","Ascension (20): 1222","Heartbreaker: 250"],"is_ascension_mode":true,"potions_obtained_alchemize":[[],[],[],[],[],[],[],[],[],[],[],[],[],[],[],[],[],[],[],[],[],[],[],[],[],[],[],[],[],[],[],[],[],[],[],[],[],[],[],[],[],[],[],[],[],[],[],[],[],[],[],[],[],[],[],[],[]],"campfire_choices":[{"data":"Footwork","floor":7,"key":"SMITH"},{"data":"Night Terror","floor":15,"key":"SMITH"},{"data":"Crippling Poison","floor":23,"key":"SMITH"},{"data":"Well Laid Plans","floor":27,"key":"SMITH"},{"data":"Burst","floor":32,"key":"SMITH"},{"data":"Wraith Form v2","floor":41,"key":"SMITH"},{"floor":45,"key":"RECALL"},{"data":"Night Terror","floor":49,"key":"SMITH"},{"data":"Setup","floor":53,"key":"SMITH"}],"lesson_learned_per_floor":[[],[],[],[],[],[],[],[],[],[],[],[],[],[],[],[],[],[],[],[],[],[],[],[],[],[],[],[],[],[],[],[],[],[],[],[],[],[],[],[],[],[],[],[],[],[],[],[],[],[],[],[],[],[],[],[],[]],"neow_cost":"NONE","improvable_cards":{},"seed_source_timestamp":31623392338132,"shop_contents":[{"floor":11,"relics":["White Beast Statue","Happy Flower","Sling"],"cards":["Flying Knee","Heel Hook","Concentrate","Distraction","Tools of the Trade","Forethought"],"potions":["Block Potion","SpeedPotion","SneckoOil"]},{"floor":20,"relics":["Orichalcum","Unceasing Top","TheAbacus"],"cards":["Glass Knife","Dagger Throw","Cloak And Dagger","Infinite Blades","Magnetism"],"potions":["ColorlessPotion","FearPotion","SneckoOil"]},{"floor":46,"relics":["Singing Bowl"],"cards":["Finisher","Endless Agony","Bouncing Flask","Deadly Poison","Well Laid Plans","Impatience","Sadistic Nature"],"potions":["PowerPotion","LiquidMemories","LiquidBronze"]},{"floor":48,"relics":["Mercury Hourglass","Akabeko","Medical Kit"],"cards":["All Out Attack","Flying Knee","Prepared","Setup","Noxious Fumes","Chrysalis"],"potions":["EntropicBrew","Explosive Potion","Fire Potion"]},{"floor":54,"relics":["Bag of Marbles","Pocketwatch","Cauldron"],"cards":["Riddle With Holes","Poisoned Stab","Blade Dance","Infinite Blades","Purity","Master of Strategy"],"potions":["Poison Potion","Poison Potion","Block Potion"]}],"circlet_count":0,"master_deck":["AscendersBane","Survivor","Neutralize","Unload","Footwork+1","Dash","Backflip","Well Laid Plans+1","Dodge and Roll","Magnetism","Deadly Poison","Night Terror+1","Malaise","Flechettes","Deadly Poison","Crippling Poison+1","Setup+1","Sucker Punch","Dodge and Roll","Underhanded Strike","Outmaneuver","Backflip","Catalyst+1","Bandage Up","Terror","Escape Plan","Burst+1","Backflip+1","Wraith Form v2+1","Backflip+1","Catalyst+1","Finesse","Blind","Master of Strategy","Night Terror+1","Venomology","PanicButton","Burst"],"potion_use_per_floor":[[],[],[],[],[],["PowerPotion"],[],[],[],[],[],[],[],["Explosive Potion"],[],["AttackPotion"],[],[],[],[],[],[],[],[],[],[],[],[],[],[],[],[],[],[],[],[],[],[],[],[],[],[],[],[],[],[],["Regen Potion"],[],[],[],[],[],[],[],[],["LiquidMemories"],[]],"relics":["Ring of the Snake","CaptainsWheel","Pen Nib","Centennial Puzzle","Golden Idol","Pandora\u0027s Box","Snake Skull","Oddly Smooth Stone","Cursed Key","Ornamental Fan","Turnip","Blood Vial","Membership Card","Bag of Preparation","Nunchaku"],"potions_floor_usage":[6,14,16,47,56],"damage_taken":[{"damage":0,"enemies":"2 Louse","floor":1,"turns":2},{"damage":1,"enemies":"Jaw Worm","floor":3,"turns":4},{"damage":0,"enemies":"Small Slimes","floor":4,"turns":2},{"damage":5,"enemies":"Exordium Thugs","floor":5,"turns":7},{"damage":26,"enemies":"Lagavulin","floor":6,"turns":9},{"damage":13,"enemies":"3 Sentries","floor":8,"turns":13},{"damage":0,"enemies":"Exordium Wildlife","floor":12,"turns":6},{"damage":0,"enemies":"Lots of Slimes","floor":14,"turns":23},{"damage":5,"enemies":"Hexaghost","floor":16,"turns":14},{"damage":17,"enemies":"2 Thieves","floor":18,"turns":5},{"damage":1,"enemies":"Spheric Guardian","floor":21,"turns":31},{"damage":16,"enemies":"Shelled Parasite and Fungi","floor":24,"turns":6},{"damage":7,"enemies":"Gremlin Leader","floor":25,"turns":5},{"damage":26,"enemies":"Snake Plant","floor":28,"turns":21},{"damage":0,"enemies":"Cultist and Chosen","floor":29,"turns":4},{"damage":0,"enemies":"Snecko","floor":31,"turns":7},{"damage":22,"enemies":"Champ","floor":33,"turns":6},{"damage":10,"enemies":"Orb Walker","floor":35,"turns":5},{"damage":19,"enemies":"3 Darklings","floor":36,"turns":7},{"damage":0,"enemies":"Sphere and 2 Shapes","floor":37,"turns":7},{"damage":3,"enemies":"Nemesis","floor":40,"turns":3},{"damage":3,"enemies":"Reptomancer","floor":42,"turns":2},{"damage":20,"enemies":"Nemesis","floor":44,"turns":7},{"damage":5,"enemies":"4 Shapes","floor":47,"turns":22},{"damage":21,"enemies":"Time Eater","floor":50,"turns":7},{"damage":35,"enemies":"Donu and Deca","floor":51,"turns":14},{"damage":1,"enemies":"Shield and Spear","floor":55,"turns":5},{"damage":45,"enemies":"The Heart","floor":56,"turns":6}],"green_key_taken_log":40,"seed_played":"741288256322954141","neow_bonus_log":{"cardsObtained":["Unload"],"cardsUpgraded":[],"cardsRemoved":[],"cardsTransformed":[],"relicsObtained":[],"maxHpGained":0,"goldGained":0,"damageTaken":0,"goldLost":0,"maxHpLost":0},"potions_obtained":[{"floor":1,"key":"PowerPotion"},{"floor":3,"key":"Ancient Potion"},{"floor":6,"key":"AttackPotion"},{"floor":8,"key":"Explosive Potion"},{"floor":24,"key":"Dexterity Potion"},{"floor":30,"key":"ColorlessPotion"},{"floor":30,"key":"Explosive Potion"},{"floor":35,"key":"Swift Potion"}],"is_trial":false,"path_per_floor":["M","?","M","M","M","E","R","E","T","?","$","M","?","M","R","B",null,"M","?","$","M","?","R","M","E","T","R","M","M","?","M","R","B",null,"M","M","M","?","?","E","R","E","T","E","R","$","M","$","R","B","B",null,"R","$","E","B",null],"character_chosen":"THE_SILENT","basemod:card_modifiers":[null,null,null,null,null,null,null,null,null,null,null,null,null,null,null,null,null,null,null,null,null,null,null,null,null,null,null,null,null,null,null,null,null,null,null,null,null,null],"items_purchased":["Magnetism","Catalyst","Bandage Up","Membership Card","Bag of Preparation","PanicButton","Burst"],"campfire_rested":0,"item_purchase_floors":[11,20,20,46,46,48,54],"current_hp_per_floor":[59,52,51,51,46,20,20,7,7,7,7,7,7,7,7,2,46,29,29,29,44,44,44,32,29,29,29,60,60,60,60,60,38,55,60,60,60,57,47,48,48,49,49,52,52,52,57,57,57,40,11,46,46,46,51,12],"gold":51,"neow_bonus":"ONE_RANDOM_RARE_CARD","is_prod":false,"is_daily":false,"rewards_skipped":[{"floor":31,"relics":[],"potions":["Regen Potion"]},{"floor":33,"relics":[],"potions":["SpeedPotion"]},{"floor":47,"relics":[],"potions":["Explosive Potion"]},{"floor":55,"relics":[],"potions":["Energy Potion"]}],"chose_seed":false,"campfire_upgraded":8,"win_rate":0,"floor_exit_playtime":[202,211,326,428,616,893,1005,1379,1382,1387,1629,1747,1751,2169,2186,2832,2977,3126,3216,3248,4088,4214,4257,4986,5112,5137,5175,5800,5896,5932,6223,6239,6425,6520,6718,7004,7246,7327,7372,7440,7451,7715,7721,7932,7944,7967,8665,8854,8943,9198,10652,10663,10677,10927,11270,11522],"timestamp":1678756192,"blue_key_relic_skipped_log":{"floor":43,"relicID":"Kunai"},"path_taken":["M","?","M","M","M","E","R","E","T","?","?","M","?","?","R","BOSS","M","?","$","M","?","R","M","E","T","R","M","?","?","M","R","BOSS","M","?","M","?","?","E","R","E","T","E","R","$","M","$","R","BOSS","BOSS","R","$","E","BOSS"],"build_version":"2022-12-18","purchased_purges":3,"victory":true,"max_hp_per_floor":[66,66,66,66,66,66,66,66,66,60,60,60,60,60,60,60,60,60,60,60,60,60,60,60,60,60,60,60,60,60,60,60,60,60,60,60,60,57,57,57,57,57,57,57,57,57,57,57,57,57,57,57,57,57,57,57],"relic_stats":{"counters":[28,250],"Golden Idol":175,"Pen Nib":[15],"Snake Skull":[85],"Bag of Preparation":[10],"Cursed Key":1,"Blood Vial":8,"Centennial Puzzle":[51],"Nunchaku":[0],"Ornamental Fan":[16],"Pandora\u0027s Box":["Unload","Flechettes","Deadly Poison","Crippling Poison","Setup","Sucker Punch","Dodge and Roll","Underhanded Strike","Outmaneuver"],"Turnip":[4],"Membership Card":365,"obtain_stats":[{"Golden Idol":10,"Oddly Smooth Stone":26,"Pen Nib":8,"Snake Skull":25,"Bag of Preparation":46,"Cursed Key":34,"Blood Vial":44,"CaptainsWheel":6,"Centennial Puzzle":9,"Nunchaku":55,"Ornamental Fan":40,"Pandora\u0027s Box":17,"Turnip":42,"Membership Card":46,"Ring of the Snake":0},{"Golden Idol":6,"Oddly Smooth Stone":13,"Pen Nib":6,"Snake Skull":13,"Bag of Preparation":23,"Cursed Key":17,"Blood Vial":23,"CaptainsWheel":5,"Centennial Puzzle":6,"Nunchaku":27,"Ornamental Fan":21,"Pandora\u0027s Box":9,"Turnip":22,"Membership Card":23,"Ring of the Snake":0},{"Golden Idol":37,"Oddly Smooth Stone":127,"Pen Nib":37,"Snake Skull":127,"Bag of Preparation":196,"Cursed Key":165,"Blood Vial":196,"CaptainsWheel":24,"Centennial Puzzle":37,"Nunchaku":244,"Ornamental Fan":187,"Pandora\u0027s Box":80,"Turnip":189,"Membership Card":196,"Ring of the Snake":0}],"Ring of the Snake":[56]},"card_choices":[{"not_picked":["Poisoned Stab","Bane"],"picked":"Footwork","floor":1},{"not_picked":["Dagger Throw","Blade Dance"],"picked":"Dash","floor":3},{"not_picked":["Cloak And Dagger","Dodge and Roll"],"picked":"Backflip","floor":4},{"not_picked":["Backflip","Blur","Acrobatics"],"picked":"SKIP","floor":5},{"not_picked":["Unload","Outmaneuver"],"picked":"Well Laid Plans","floor":6},{"not_picked":["Acrobatics","Expertise"],"picked":"Dodge and Roll","floor":8},{"not_picked":["Bane","Quick Slash"],"picked":"Deadly Poison","floor":12},{"not_picked":["Backflip","Dodge and Roll"],"picked":"Night Terror","floor":14},{"not_picked":["Storm of Steel","Die Die Die"],"picked":"Malaise","floor":16},{"not_picked":["Prepared","Underhanded Strike"],"picked":"Backflip","floor":18},{"not_picked":["Outmaneuver","Bane+1"],"picked":"Terror","floor":21},{"not_picked":["Sucker Punch","Backflip"],"picked":"Escape Plan","floor":24},{"not_picked":["Dagger Spray","Tactician"],"picked":"Burst","floor":25},{"not_picked":["Choke","Bane"],"picked":"All Out Attack+1","floor":28},{"not_picked":["All Out Attack","Underhanded Strike"],"picked":"Backflip+1","floor":29},{"not_picked":["Quick Slash","All Out Attack","Bouncing Flask"],"picked":"SKIP","floor":31},{"not_picked":["Glass Knife","Envenom"],"picked":"Wraith Form v2","floor":33},{"not_picked":["Accuracy","Choke","Flying Knee"],"picked":"SKIP","floor":35},{"not_picked":["Riddle With Holes","Caltrops+1"],"picked":"Backflip+1","floor":36},{"not_picked":["Deflect+1","Sucker Punch+1"],"picked":"Catalyst+1","floor":37},{"not_picked":["Jack Of All Trades","Good Instincts"],"picked":"Finesse","floor":39},{"not_picked":["Violence","Secret Weapon"],"picked":"Blind","floor":39},{"not_picked":["Flash of Steel","Madness"],"picked":"Master of Strategy","floor":39},{"not_picked":["Backstab+1","Slice","All Out Attack"],"picked":"SKIP","floor":40},{"not_picked":["Backflip","Slice"],"picked":"Night Terror","floor":42},{"not_picked":["Dodge and Roll","Poisoned Stab"],"picked":"Venomology","floor":44},{"not_picked":["Infinite Blades+1","Dagger Spray+1","Cloak And Dagger"],"picked":"SKIP","floor":47},{"not_picked":["Eviscerate","Infinite Blades","Outmaneuver"],"picked":"SKIP","floor":55}],"player_experience":5374525,"relics_obtained":[{"floor":6,"key":"CaptainsWheel"},{"floor":8,"key":"Pen Nib"},{"floor":9,"key":"Centennial Puzzle"},{"floor":25,"key":"Snake Skull"},{"floor":26,"key":"Oddly Smooth Stone"},{"floor":40,"key":"Ornamental Fan"},{"floor":42,"key":"Turnip"},{"floor":44,"key":"Blood Vial"},{"floor":55,"key":"Nunchaku"}],"event_choices":[{"cards_removed":["Defend_G"],"damage_healed":0,"gold_gain":0,"player_choice":"Card Removal","damage_taken":7,"max_hp_gain":0,"max_hp_loss":0,"event_name":"Golden Wing","floor":2,"gold_loss":0},{"damage_healed":0,"gold_gain":0,"player_choice":"Lose Max HP","damage_taken":0,"relics_obtained":["Golden Idol"],"max_hp_gain":0,"max_hp_loss":6,"event_name":"Golden Idol","floor":10,"gold_loss":0},{"damage_healed":0,"gold_gain":0,"player_choice":"Ignored","damage_taken":0,"max_hp_gain":0,"max_hp_loss":0,"event_name":"Shining Light","floor":13,"gold_loss":0},{"damage_healed":0,"gold_gain":0,"player_choice":"Ignored","damage_taken":0,"max_hp_gain":0,"max_hp_loss":0,"event_name":"Beggar","floor":19,"gold_loss":0},{"damage_healed":0,"gold_gain":0,"player_choice":"Forge","damage_taken":0,"max_hp_gain":0,"max_hp_loss":0,"event_name":"Accursed Blacksmith","floor":22,"gold_loss":0,"cards_upgraded":["Catalyst"]},{"damage_healed":0,"gold_gain":0,"player_choice":"Got Potions","damage_taken":0,"max_hp_gain":0,"max_hp_loss":0,"event_name":"Lab","floor":30,"gold_loss":0},{"damage_healed":0,"gold_gain":0,"player_choice":"Max HP","damage_taken":0,"max_hp_gain":0,"max_hp_loss":3,"event_name":"Winding Halls","floor":38,"gold_loss":0},{"damage_healed":0,"gold_gain":0,"player_choice":"Memory 3","damage_taken":10,"max_hp_gain":0,"max_hp_loss":0,"event_name":"SensoryStone","floor":39,"gold_loss":0}],"is_beta":false,"boss_relics":[{"not_picked":["Sozu","Snecko Eye"],"picked":"Pandora\u0027s Box"},{"not_picked":["WristBlade","Empty Cage"],"picked":"Cursed Key"}],"items_purged_floors":[46,48,54],"is_endless":false,"potions_floor_spawned":[1,3,6,8,24,31,33,35,47,55],"ascension_level":20,"potion_discard_per_floor":[[],[],[],[],[],[],[],["Ancient Potion"],[],[],[],[],[],[],[],[],[],[],[],[],[],[],[],[],[],[],[],[],[],["Dexterity Potion"],[],[],[],[],["ColorlessPotion"],[],[],[],[],[],[],[],[],[],[],[],["Swift Potion","Explosive Potion"],[],[],[],[],[],[],[],[],[],[]]}