{"neow_bonuses_skipped_log":["RANDOM_COLORLESS","RANDOM_COLORLESS_2","BOSS_RELIC"],"neow_costs_skipped_log":["NONE","NO_GOLD","NONE"],"potions_obtained_entropic_brew":[[],[],[],[],[],[],[],[],[],[],[],[],[],[],[],[],[],[],[],[],[],[],[],[],[],[],[],[],[],[],[],[],[],[],[],[],[],[],[],[],[],[],[],[],[],[],[],[],[],[],[],[],[],[],[],[],[]],"gold_per_floor":[120,144,69,92,92,92,119,119,119,154,438,5,32,51,51,132,141,169,197,197,210,255,255,264,296,296,330,355,197,197,36,36,124,124,152,186,211,211,233,270,270,292,292,310,210,318,318,337,337,337,337,337,337,88,129,129],"floor_reached":57,"playtime":8814,"items_purged":["Regret","Bite"],"score":2844,"play_id":"2e69e092-f1d1-4d95-b126-04d9bee19eb5","local_time":"20230308193355","score_breakdown":["Floors Climbed (57): 285","Enemies Slain (16): 32","Exordium Elites Killed (1): 10","City Elites Killed (2): 40","Beyond Elites Killed (1): 30","Bosses Slain (5): 750","Money Money (1287): 25","Collector (2): 50","Librarian: 25","Champion (2): 50","Overkill: 25","C-c-c-combo: 25","Ascension (20): 1247","Heartbreaker: 250"],"is_ascension_mode":true,"potions_obtained_alchemize":[[],[],[],[],[],[],[],[],[],[],[],[],[],[],[],[],[],[],[],[],[],[],[],[],[],[],[],[],[],[],[],[],[],[],[],[],[],[],[],[],[],[],[],[],[],[],[],[],[],[],[],[],[],[],[],[],[]],"campfire_choices":[{"data":"Underhanded Strike","floor":6,"key":"SMITH"},{"data":"Underhanded Strike","floor":8,"key":"SMITH"},{"data":"Noxious Fumes","floor":15,"key":"SMITH"},{"data":"Tactician","floor":23,"key":"SMITH"},{"data":"Wraith Form v2","floor":30,"key":"SMITH"},{"data":"Tools of the Trade","floor":32,"key":"SMITH"},{"floor":41,"key":"RECALL"},{"data":"Calculated Gamble","floor":47,"key":"SMITH"},{"data":"Night Terror","floor":49,"key":"SMITH"},{"data":"Madness","floor":53,"key":"SMITH"}],"lesson_learned_per_floor":[[],[],[],[],[],[],[],[],[],[],[],[],[],[],[],[],[],[],[],[],[],[],[],[],[],[],[],[],[],[],[],[],[],[],[],[],[],[],[],[],[],[],[],[],[],[],[],[],[],[],[],[],[],[],[],[],[]],"neow_cost":"NONE","improvable_cards":{},"seed_source_timestamp":23231498617184,"shop_contents":[{"floor":12,"relics":["Potion Belt","Molten Egg 2","Lee\u0027s Waffle"],"cards":["Sucker Punch","Endless Agony","Blur","Caltrops"],"potions":["GamblersBrew","Ancient Potion","Energy Potion"]},{"floor":29,"relics":["Toy Ornithopter","StrikeDummy"],"cards":["Choke","Bane","Dodge and Roll","Tools of the Trade","Madness","Secret Weapon"],"potions":["GamblersBrew","PowerPotion","BlessingOfTheForge"]},{"floor":31,"relics":["Blue Candle","Akabeko"],"cards":["Flechettes","Poisoned Stab","Prepared","Blade Dance","Noxious Fumes","Swift Strike","Sadistic Nature"],"potions":["SmokeBomb","SkillPotion","CunningPotion"]},{"floor":45,"relics":["Bottled Tornado","Anchor","Chemical X"],"cards":["Finisher","Flying Knee","Bouncing Flask","Deflect","Noxious Fumes","PanicButton","Master of Strategy"],"potions":["Ancient Potion","FearPotion","DistilledChaos"]},{"floor":54,"relics":["CaptainsWheel","Bottled Flame"],"cards":["Bane","Masterful Stab","Crippling Poison","Infinite Blades","PanicButton","HandOfGreed"],"potions":["PowerPotion","Fruit Juice","Poison Potion"]}],"circlet_count":0,"master_deck":["AscendersBane","Defend_G","Defend_G","Defend_G","Survivor","Neutralize","Acrobatics","Underhanded Strike+1","Tactician+1","Underhanded Strike+1","Slice","Calculated Gamble+1","Trip","Master of Strategy","Noxious Fumes+1","Acrobatics","Tools of the Trade+1","CurseOfTheBell","Backflip","Terror","Bite+1","Bite","Bite+1","Acrobatics","PiercingWail","Concentrate+1","Reflex","Wraith Form v2+1","PiercingWail","Calculated Gamble","Night Terror+1","Reflex","PiercingWail","Bouncing Flask+1","PiercingWail","Madness","Madness+1","Leg Sweep+1","Catalyst","Acrobatics"],"potion_use_per_floor":[[],[],[],[],[],[],[],[],[],["EssenceOfSteel"],[],[],[],[],[],[],[],[],[],[],["LiquidMemories"],[],[],[],[],[],[],[],[],[],[],[],["PowerPotion"],[],[],[],[],[],[],[],[],[],[],[],[],[],[],[],[],[],[],[],[],[],[],["Dexterity Potion","PowerPotion"],[]],"relics":["Ring of the Snake","CeramicFish","Ornamental Fan","Pen Nib","Calling Bell","Pocketwatch","Matryoshka","Bronze Scales","Question Card","Gremlin Horn","Whetstone","Snake Skull","Orrery","Toolbox","Empty Cage","Gambling Chip","The Specimen","Blood Vial","Frozen Eye","Eternal Feather"],"potions_floor_usage":[10,21,33,56,56],"damage_taken":[{"damage":0,"enemies":"2 Louse","floor":1,"turns":4},{"damage":8,"enemies":"Small Slimes","floor":2,"turns":6},{"damage":0,"enemies":"Cultist","floor":4,"turns":3},{"damage":0,"enemies":"2 Fungi Beasts","floor":7,"turns":4},{"damage":4,"enemies":"3 Sentries","floor":10,"turns":9},{"damage":0,"enemies":"Red Slaver","floor":13,"turns":1},{"damage":0,"enemies":"Large Slime","floor":14,"turns":2},{"damage":34,"enemies":"Hexaghost","floor":16,"turns":9},{"damage":10,"enemies":"Spheric Guardian","floor":18,"turns":4},{"damage":0,"enemies":"3 Byrds","floor":19,"turns":2},{"damage":0,"enemies":"Shelled Parasite and Fungi","floor":21,"turns":2},{"damage":17,"enemies":"Book of Stabbing","floor":25,"turns":3},{"damage":0,"enemies":"Gremlin Leader","floor":27,"turns":5},{"damage":2,"enemies":"Cultist and Chosen","floor":28,"turns":3},{"damage":11,"enemies":"Collector","floor":33,"turns":8},{"damage":2,"enemies":"3 Shapes","floor":35,"turns":5},{"damage":2,"enemies":"Orb Walker","floor":36,"turns":4},{"damage":0,"enemies":"Mind Bloom Boss Battle","floor":37,"turns":3},{"damage":0,"enemies":"Sphere and 2 Shapes","floor":39,"turns":3},{"damage":0,"enemies":"Giant Head","floor":40,"turns":4},{"damage":1,"enemies":"3 Darklings","floor":42,"turns":3},{"damage":18,"enemies":"4 Shapes","floor":46,"turns":9},{"damage":0,"enemies":"Maw","floor":48,"turns":7},{"damage":8,"enemies":"Donu and Deca","floor":50,"turns":8},{"damage":15,"enemies":"Time Eater","floor":51,"turns":15},{"damage":9,"enemies":"Shield and Spear","floor":55,"turns":7},{"damage":24,"enemies":"The Heart","floor":56,"turns":5}],"green_key_taken_log":40,"seed_played":"8485458023811038128","neow_bonus_log":{"cardsObtained":[],"cardsUpgraded":[],"cardsRemoved":[],"cardsTransformed":[],"relicsObtained":["CeramicFish"],"maxHpGained":0,"goldGained":0,"damageTaken":0,"goldLost":0,"maxHpLost":0},"potions_obtained":[{"floor":1,"key":"EssenceOfSteel"},{"floor":2,"key":"SpeedPotion"},{"floor":7,"key":"LiquidMemories"},{"floor":10,"key":"Fire Potion"},{"floor":21,"key":"PowerPotion"},{"floor":35,"key":"EssenceOfSteel"},{"floor":37,"key":"Fire Potion"},{"floor":38,"key":"Dexterity Potion"},{"floor":38,"key":"CunningPotion"},{"floor":42,"key":"PowerPotion"}],"is_trial":false,"path_per_floor":["M","M","?","M","?","R","M","R","T","E","?","$","M","M","R","B",null,"M","M","?","M","?","R","?","E","T","E","M","$","R","$","R","B",null,"M","M","?","?","M","E","R","M","T","?","$","M","R","M","R","B","B",null,"R","$","E","B",null],"character_chosen":"THE_SILENT","basemod:card_modifiers":[null,null,null,null,null,null,null,null,null,null,null,null,null,null,null,null,null,null,null,null,null,null,null,null,null,null,null,null,null,null,null,null,null,null,null,null,null,null,null,null],"items_purchased":["Calculated Gamble","Trip","Master of Strategy","Orrery","Calculated Gamble","Toolbox","Frozen Eye","Catalyst"],"campfire_rested":0,"item_purchase_floors":[12,12,12,29,29,31,54,54],"current_hp_per_floor":[59,51,51,51,44,44,44,44,44,40,40,40,40,40,40,6,51,41,41,37,37,37,37,37,28,28,45,46,46,46,46,46,46,46,46,46,46,46,46,46,46,46,46,38,38,33,33,46,46,46,44,46,46,46,46,22],"gold":129,"neow_bonus":"RANDOM_COMMON_RELIC","is_prod":false,"is_daily":false,"rewards_skipped":[{"floor":25,"relics":[],"potions":["Fire Potion"]},{"floor":27,"relics":[],"potions":["SpeedPotion"]},{"floor":48,"relics":[],"potions":["SkillPotion"]},{"floor":55,"relics":[],"potions":["ColorlessPotion"]}],"chose_seed":false,"campfire_upgraded":9,"win_rate":0,"floor_exit_playtime":[428,593,650,758,769,775,893,904,924,1115,1120,1207,1279,1314,1363,1555,1770,1846,1975,1999,2221,2252,2302,2380,2517,2528,2679,2756,2929,2938,2965,3019,3459,3663,3823,3905,4209,4250,4355,4688,4693,4885,4895,4913,5033,5388,5401,5572,5585,5920,6439,6450,6472,6555,7561,8814],"timestamp":1678322035,"blue_key_relic_skipped_log":{"floor":43,"relicID":"Dream Catcher"},"path_taken":["M","M","?","M","?","R","M","R","T","E","?","$","M","M","R","BOSS","M","?","?","?","?","R","?","E","T","E","M","$","R","$","R","BOSS","M","M","?","?","M","E","R","?","T","?","$","M","R","M","R","BOSS","BOSS","R","$","E","BOSS"],"build_version":"2022-12-18","purchased_purges":2,"victory":true,"max_hp_per_floor":[66,66,66,66,66,66,66,66,66,66,66,66,66,66,66,66,66,66,66,66,66,46,46,46,46,46,46,46,46,46,46,46,46,46,46,46,46,46,46,46,46,46,46,46,46,46,46,46,46,46,46,46,46,46,46,46],"relic_stats":{"Gremlin Horn":[21,21],"The Specimen":[65],"counters":[27,138],"CeramicFish":333,"Eternal Feather":0,"Pen Nib":[22],"Snake Skull":[161],"Whetstone":["Bite","Bite"],"Question Card":17,"Blood Vial":4,"Frozen Eye":1007.89966,"Matryoshka":2,"Ornamental Fan":[188],"Bronze Scales":[272],"Gambling Chip":[45],"obtain_stats":[{"Gremlin Horn":26,"The Specimen":40,"CeramicFish":0,"Eternal Feather":55,"Pen Nib":10,"Snake Skull":27,"Whetstone":26,"Question Card":25,"Empty Cage":34,"Calling Bell":17,"Blood Vial":43,"Frozen Eye":54,"Matryoshka":17,"Ornamental Fan":9,"Bronze Scales":17,"Gambling Chip":37,"Orrery":29,"Toolbox":31,"Ring of the Snake":0,"Pocketwatch":17},{"Gremlin Horn":12,"The Specimen":20,"CeramicFish":0,"Eternal Feather":26,"Pen Nib":5,"Snake Skull":13,"Whetstone":12,"Question Card":12,"Empty Cage":15,"Calling Bell":8,"Blood Vial":21,"Frozen Eye":25,"Matryoshka":8,"Ornamental Fan":4,"Bronze Scales":8,"Gambling Chip":18,"Orrery":14,"Toolbox":14,"Ring of the Snake":0,"Pocketwatch":8},{"Gremlin Horn":49,"The Specimen":84,"CeramicFish":0,"Eternal Feather":133,"Pen Nib":26,"Snake Skull":54,"Whetstone":49,"Question Card":49,"Empty Cage":65,"Calling Bell":38,"Blood Vial":87,"Frozen Eye":126,"Matryoshka":38,"Ornamental Fan":17,"Bronze Scales":38,"Gambling Chip":77,"Orrery":57,"Toolbox":57,"Ring of the Snake":0,"Pocketwatch":38}],"Ring of the Snake":[54],"Pocketwatch":[121]},"card_choices":[{"not_picked":["Choke","Distraction"],"picked":"Acrobatics","floor":1},{"not_picked":["Slice","Acrobatics"],"picked":"Underhanded Strike","floor":2},{"not_picked":["Caltrops","Slice"],"picked":"Tactician","floor":4},{"not_picked":["Backflip","Deflect"],"picked":"Underhanded Strike","floor":7},{"not_picked":["Underhanded Strike","Dagger Spray"],"picked":"Slice","floor":10},{"not_picked":["Finisher","Sucker Punch"],"picked":"Noxious Fumes","floor":13},{"not_picked":["Unload","Cloak And Dagger"],"picked":"Acrobatics","floor":14},{"not_picked":["Bullet Time","Unload"],"picked":"Tools of the Trade","floor":16},{"not_picked":["Choke","Dagger Spray"],"picked":"Backflip","floor":18},{"not_picked":["Riddle With Holes","Heel Hook"],"picked":"Terror","floor":19},{"not_picked":["Blade Dance","Caltrops","Expertise"],"picked":"SKIP","floor":21},{"not_picked":["Deadly Poison","Underhanded Strike","Accuracy","Dagger Throw","Flying Knee","Heel Hook","Endless Agony","Dagger Spray","Quick Slash","Caltrops","All Out Attack","Distraction","Outmaneuver","Reflex","Dodge and Roll","Sucker Punch","Blade Dance","Poisoned Stab","Cloak And Dagger"],"picked":"Acrobatics","floor":24},{"not_picked":["Noxious Fumes","Terror","A Thousand Cuts"],"picked":"SKIP","floor":25},{"not_picked":["Finisher","Deflect","Blur","Dagger Spray"],"picked":"SKIP","floor":27},{"not_picked":["Sucker Punch","Slice","Quick Slash"],"picked":"PiercingWail","floor":28},{"not_picked":["Bouncing Flask","Deadly Poison","Dagger Throw"],"picked":"Concentrate+1","floor":29},{"not_picked":["Bane","Accuracy","Dagger Throw"],"picked":"Reflex","floor":29},{"not_picked":["Underhanded Strike","Deadly Poison","Deflect"],"picked":"Wraith Form v2","floor":29},{"not_picked":["Die Die Die","Poisoned Stab","Catalyst"],"picked":"PiercingWail","floor":29},{"not_picked":["Dodge and Roll","Slice","Endless Agony","Flying Knee"],"picked":"SKIP","floor":29},{"not_picked":["Grand Finale","Doppelganger","Storm of Steel"],"picked":"Night Terror","floor":33},{"not_picked":["Crippling Poison","Escape Plan+1","Slice"],"picked":"Reflex","floor":35},{"not_picked":["Cloak And Dagger","Slice","Concentrate","Poisoned Stab"],"picked":"SKIP","floor":36},{"not_picked":["Blade Dance","Deadly Poison","Underhanded Strike","Eviscerate+1"],"picked":"SKIP","floor":37},{"not_picked":["Grand Finale","Underhanded Strike","All Out Attack"],"picked":"PiercingWail","floor":39},{"not_picked":["Infinite Blades","Outmaneuver","Dagger Throw+1"],"picked":"Bouncing Flask+1","floor":40},{"not_picked":["Bane+1","Footwork","Prepared"],"picked":"PiercingWail","floor":42},{"not_picked":["Glass Knife","Deflect","Sucker Punch"],"picked":"Leg Sweep+1","floor":46},{"not_picked":["Endless Agony","Dagger Spray","Sucker Punch+1","Underhanded Strike"],"picked":"SKIP","floor":48},{"not_picked":["Escape Plan+1","Expertise","Riddle With Holes"],"picked":"Acrobatics","floor":55}],"player_experience":5304899,"relics_obtained":[{"floor":9,"key":"Ornamental Fan"},{"floor":10,"key":"Pen Nib"},{"floor":17,"key":"Pocketwatch"},{"floor":17,"key":"Matryoshka"},{"floor":17,"key":"Bronze Scales"},{"floor":25,"key":"Question Card"},{"floor":26,"key":"Gremlin Horn"},{"floor":26,"key":"Whetstone"},{"floor":27,"key":"Snake Skull"},{"floor":37,"key":"Gambling Chip"},{"floor":40,"key":"The Specimen"},{"floor":43,"key":"Blood Vial"},{"floor":55,"key":"Eternal Feather"}],"event_choices":[{"cards_removed":["Defend_G"],"damage_healed":0,"gold_gain":0,"player_choice":"Card Removal","damage_taken":0,"max_hp_gain":0,"max_hp_loss":0,"event_name":"The Cleric","floor":3,"gold_loss":75},{"cards_removed":["Strike_G"],"damage_healed":0,"gold_gain":0,"player_choice":"Card Removal","damage_taken":7,"max_hp_gain":0,"max_hp_loss":0,"event_name":"Golden Wing","floor":5,"gold_loss":0},{"damage_healed":0,"gold_gain":275,"player_choice":"Desecrate","damage_taken":0,"max_hp_gain":0,"max_hp_loss":0,"event_name":"Golden Shrine","floor":11,"gold_loss":0,"cards_obtained":["Regret"]},{"damage_healed":0,"gold_gain":0,"player_choice":"Bought 0 Potions","damage_taken":0,"max_hp_gain":0,"max_hp_loss":0,"event_name":"The Woman in Blue","floor":20,"gold_loss":0},{"damage_healed":0,"gold_gain":0,"player_choice":"Became a vampire","damage_taken":0,"max_hp_gain":0,"max_hp_loss":20,"event_name":"Vampires","floor":22,"gold_loss":0,"cards_obtained":["Bite","Bite","Bite","Bite","Bite"]},{"damage_healed":0,"gold_gain":0,"player_choice":"Read","damage_taken":0,"max_hp_gain":0,"max_hp_loss":0,"event_name":"The Library","floor":24,"gold_loss":0,"cards_obtained":["Acrobatics"]},{"damage_healed":0,"gold_gain":0,"player_choice":"Fight","damage_taken":0,"max_hp_gain":0,"max_hp_loss":0,"event_name":"MindBloom","floor":37,"gold_loss":0},{"damage_healed":0,"gold_gain":0,"player_choice":"Got Potions","damage_taken":0,"max_hp_gain":0,"max_hp_loss":0,"event_name":"Lab","floor":38,"gold_loss":0},{"damage_healed":0,"gold_gain":0,"player_choice":"Embrace Madness","damage_taken":8,"max_hp_gain":0,"max_hp_loss":0,"event_name":"Winding Halls","floor":44,"gold_loss":0,"cards_obtained":["Madness","Madness"]}],"is_beta":false,"boss_relics":[{"not_picked":["Ectoplasm","Snecko Eye"],"picked":"Calling Bell"},{"not_picked":["Cursed Key","Busted Crown"],"picked":"Empty Cage"}],"items_purged_floors":[12,45],"is_endless":false,"potions_floor_spawned":[1,2,7,10,21,25,27,35,37,42,48,55],"ascension_level":20,"potion_discard_per_floor":[[],[],[],[],[],[],["SpeedPotion"],[],[],[],[],[],[],[],[],[],[],[],[],[],[],[],[],[],[],[],[],[],[],[],[],[],[],[],[],[],["EssenceOfSteel"],["Fire Potion","Fire Potion"],[],[],[],["CunningPotion"],[],[],[],[],[],[],[],[],[],[],[],[],[],[],[]]}