{"neow_bonuses_skipped_log":["TEN_PERCENT_HP_BONUS","THREE_RARE_CARDS","BOSS_RELIC"],"neow_costs_skipped_log":["NONE","NO_GOLD","NONE"],"potions_obtained_entropic_brew":[[],[],[],[],[],[],[],[],[],[],[],[],[],[],[],[],[],[],[],[],[],[],[],[],[],[],[],[],[],[],[],[],[],[],[],[],[],[],[],[],[],[],[],[],[],[],[],[],[],["Strength Potion","Strength Potion"],[],[],[],[],[],[],[]],"gold_per_floor":[112,129,129,20,30,30,40,70,124,124,199,217,217,227,227,301,301,279,26,26,26,40,40,70,70,93,128,141,159,193,193,193,272,272,290,290,290,31,49,76,76,94,94,107,142,142,159,176,176,201,201,201,201,15,49,49],"floor_reached":57,"playtime":20644,"items_purged":[],"score":2819,"play_id":"fc76453b-42ac-4046-8157-b77286f607af","local_time":"20230311232239","score_breakdown":["Floors Climbed (57): 285","Enemies Slain (16): 32","Exordium Elites Killed (1): 10","City Elites Killed (3): 60","Beyond Elites Killed (2): 60","Bosses Slain (5): 750","Librarian: 25","Champion (2): 50","Overkill: 25","Ascension (20): 1272","Heartbreaker: 250"],"is_ascension_mode":true,"potions_obtained_alchemize":[[],[],[],[],[],[],[],[],[],[],[],[],[],[],[],[],[],["PowerPotion","SkillPotion","LiquidMemories"],[],[],[],[],[],["DuplicationPotion"],[],[],["Energy Potion"],["PowerPotion"],[],["SneckoOil"],[],[],["GamblersBrew"],[],[],[],[],[],["DistilledChaos","BlessingOfTheForge","BlessingOfTheForge"],["LiquidMemories"],[],[],[],[],[],[],["FearPotion"],["DistilledChaos"],[],["PowerPotion","Regen Potion","Energy Potion","SteroidPotion","Strength Potion","ColorlessPotion","PowerPotion","Explosive Potion","Energy Potion","PowerPotion","GhostInAJar","SteroidPotion","Regen Potion","AttackPotion","EssenceOfSteel","FearPotion","Dexterity Potion","Strength Potion","Ancient Potion","BlessingOfTheForge","SteroidPotion","Swift Potion","SpeedPotion","BlessingOfTheForge","Regen Potion","Explosive Potion","SmokeBomb","SkillPotion","Block Potion","GamblersBrew","Block Potion","SmokeBomb","PowerPotion","FearPotion","SpeedPotion","Explosive Potion","AttackPotion","SmokeBomb","SpeedPotion","CunningPotion","Energy Potion","SkillPotion","CunningPotion","CultistPotion","SkillPotion","Explosive Potion","EssenceOfSteel","EssenceOfSteel","GamblersBrew","FearPotion","Swift Potion","LiquidBronze","SkillPotion","CultistPotion","Energy Potion","Strength Potion","PowerPotion","DistilledChaos","SmokeBomb","FearPotion","EntropicBrew","BlessingOfTheForge","LiquidBronze","Ancient Potion","GamblersBrew","ColorlessPotion","SteroidPotion","Swift Potion","DistilledChaos","BlessingOfTheForge","SneckoOil","EssenceOfSteel","Ancient Potion","DistilledChaos","Ancient Potion","GhostInAJar","SkillPotion","Fire Potion","PowerPotion","LiquidBronze","Strength Potion","Energy Potion","BlessingOfTheForge","SpeedPotion","Energy Potion","Dexterity Potion","Dexterity Potion","EntropicBrew","FairyPotion","Strength Potion","SkillPotion","DuplicationPotion"],[],[],[],[],[],[],[]],"campfire_choices":[{"data":"Quick Slash","floor":6,"key":"SMITH"},{"floor":10,"key":"REST"},{"data":"Night Terror","floor":15,"key":"SMITH"},{"data":"Catalyst","floor":23,"key":"SMITH"},{"data":"Ghostly","floor":25,"key":"SMITH"},{"data":"Ghostly","floor":32,"key":"SMITH"},{"data":"Ghostly","floor":41,"key":"SMITH"},{"floor":49,"key":"RECALL"},{"data":"Catalyst","floor":53,"key":"SMITH"}],"lesson_learned_per_floor":[[],[],[],[],[],[],[],[],[],[],[],[],[],[],[],[],[],[],[],[],[],[],[],[],[],[],[],[],[],[],[],[],[],[],[],[],[],[],[],[],[],[],[],[],[],[],[],[],[],[],[],[],[],[],[],[],[]],"neow_cost":"NONE","improvable_cards":{},"seed_source_timestamp":17939638569775,"shop_contents":[{"floor":4,"relics":["Lantern","Shuriken","DollysMirror"],"cards":["Backstab","Tactician","Noxious Fumes","Mind Blast","Sadistic Nature"],"potions":["DuplicationPotion","Dexterity Potion","SmokeBomb"]},{"floor":19,"relics":["Ornamental Fan","Centennial Puzzle"],"cards":["Finisher","Heel Hook","Acrobatics","Backflip","Panacea","Panache+1"],"potions":["DistilledChaos","Regen Potion","Block Potion"]},{"floor":38,"relics":["Blue Candle","Toy Ornithopter"],"cards":["All Out Attack","Quick Slash","Blade Dance","Catalyst","Trip","Violence"],"potions":["AttackPotion","LiquidMemories"]},{"floor":54,"relics":["Incense Burner","Eternal Feather","HandDrill"],"cards":["Skewer","Slice","Concentrate","Reflex","Accuracy+1","Trip"],"potions":["EntropicBrew","GamblersBrew","Weak Potion"]}],"circlet_count":0,"master_deck":["AscendersBane","Strike_G+1","Strike_G+1","Strike_G+1","Strike_G+1","Strike_G+1","Defend_G+1","Defend_G+1","Defend_G+1","Defend_G+1","Defend_G+1","Survivor","Neutralize","Adrenaline","Deflect","Night Terror+1","Bouncing Flask","Quick Slash+1","Terror","Catalyst+1","Flying Knee","Noxious Fumes+1","Venomology","After Image+1","Blade Dance","Outmaneuver+1","Calculated Gamble","Footwork+1","Ghostly+1","Ghostly+1","Ghostly+1","Escape Plan","Cloak And Dagger+1","Acrobatics","Escape Plan","Discovery+1","Secret Technique","Well Laid Plans+1","Prepared+1","Backflip","Dodge and Roll","Catalyst+1","Secret Technique"],"potion_use_per_floor":[[],[],[],[],[],[],[],["Strength Potion"],[],[],[],[],[],[],[],[],[],["Fire Potion","LiquidBronze","SkillPotion"],[],[],[],[],[],["PowerPotion"],[],[],["LiquidMemories"],["Poison Potion"],[],["GamblersBrew","SneckoOil"],[],[],["DuplicationPotion"],[],[],[],[],[],["DistilledChaos"],["BlessingOfTheForge"],[],[],[],[],[],[],["BlessingOfTheForge"],["FearPotion"],[],["Swift Potion","GamblersBrew","LiquidMemories","Energy Potion","PowerPotion","PowerPotion","ColorlessPotion","Regen Potion","Regen Potion","EssenceOfSteel","Dexterity Potion","Regen Potion","Explosive Potion","Energy Potion","Explosive Potion","EssenceOfSteel","EssenceOfSteel","FearPotion","Energy Potion","FearPotion","EntropicBrew","Strength Potion","BlessingOfTheForge","Ancient Potion","ColorlessPotion","BlessingOfTheForge","EssenceOfSteel","Ancient Potion","Ancient Potion","GhostInAJar","Fire Potion","PowerPotion","Strength Potion","Energy Potion","BlessingOfTheForge","SpeedPotion","Energy Potion","Dexterity Potion","Dexterity Potion","EntropicBrew","Strength Potion","Strength Potion"],[],[],[],[],["Ancient Potion","SpeedPotion","DuplicationPotion","Regen Potion","Regen Potion"],["Poison Potion","GhostInAJar","DuplicationPotion"],[]],"relics":["Ring of the Snake","Frozen Egg 2","Happy Flower","Coffee Dripper","Orrery","Bag of Marbles","MealTicket","Omamori","PreservedInsect","Potion Belt","SlaversCollar","Toolbox","Bottled Tornado","Anchor","FossilizedHelix"],"potions_floor_usage":[8,18,18,18,24,27,28,30,30,33,39,40,47,48,50,50,50,50,50,50,50,50,50,50,50,50,50,50,50,50,50,50,50,50,50,50,50,50,50,50,50,50,50,50,50,50,50,50,50,50,50,50,50,50,50,50,55,55,55,55,55,56,56,56],"damage_taken":[{"damage":2,"enemies":"Small Slimes","floor":1,"turns":5},{"damage":6,"enemies":"Cultist","floor":2,"turns":5},{"damage":0,"enemies":"2 Louse","floor":5,"turns":2},{"damage":1,"enemies":"Looter","floor":7,"turns":3},{"damage":47,"enemies":"Gremlin Nob","floor":8,"turns":4},{"damage":9,"enemies":"2 Fungi Beasts","floor":12,"turns":5},{"damage":3,"enemies":"3 Louse","floor":14,"turns":6},{"damage":8,"enemies":"Hexaghost","floor":16,"turns":7},{"damage":11,"enemies":"2 Thieves","floor":18,"turns":4},{"damage":0,"enemies":"Shell Parasite","floor":22,"turns":7},{"damage":8,"enemies":"Slavers","floor":24,"turns":6},{"damage":4,"enemies":"Gremlin Leader","floor":27,"turns":8},{"damage":10,"enemies":"Cultist and Chosen","floor":28,"turns":9},{"damage":1,"enemies":"Centurion and Healer","floor":29,"turns":7},{"damage":0,"enemies":"Slavers","floor":30,"turns":6},{"damage":9,"enemies":"Collector","floor":33,"turns":5},{"damage":16,"enemies":"3 Shapes","floor":35,"turns":36},{"damage":0,"enemies":"3 Darklings","floor":39,"turns":7},{"damage":0,"enemies":"Nemesis","floor":40,"turns":7},{"damage":0,"enemies":"Maw","floor":42,"turns":8},{"damage":0,"enemies":"Writhing Mass","floor":44,"turns":8},{"damage":1,"enemies":"Reptomancer","floor":45,"turns":7},{"damage":12,"enemies":"Jaw Worm Horde","floor":47,"turns":5},{"damage":0,"enemies":"Transient","floor":48,"turns":6},{"damage":7,"enemies":"Awakened One","floor":50,"turns":169},{"damage":11,"enemies":"Time Eater","floor":51,"turns":6},{"damage":17,"enemies":"Shield and Spear","floor":55,"turns":159},{"damage":16,"enemies":"The Heart","floor":56,"turns":5}],"green_key_taken_log":45,"seed_played":"3863398849053576760","neow_bonus_log":{"cardsObtained":["Adrenaline"],"cardsUpgraded":[],"cardsRemoved":[],"cardsTransformed":[],"relicsObtained":[],"maxHpGained":0,"goldGained":0,"damageTaken":0,"goldLost":0,"maxHpLost":0},"potions_obtained":[{"floor":7,"key":"Strength Potion"},{"floor":12,"key":"Fire Potion"},{"floor":16,"key":"LiquidBronze"},{"floor":27,"key":"Poison Potion"},{"floor":28,"key":"FairyPotion"},{"floor":29,"key":"GamblersBrew"},{"floor":48,"key":"Energy Potion"}],"is_trial":false,"path_per_floor":["M","M","?","$","M","R","M","E","T","R","?","M","?","M","R","B",null,"M","$","?","?","M","R","E","R","T","E","M","M","E","?","R","B",null,"M","?","?","$","M","E","R","M","T","M","E","?","M","M","R","B","B",null,"R","$","E","B",null],"character_chosen":"THE_SILENT","basemod:card_modifiers":[null,null,null,null,null,null,null,null,null,null,null,null,null,null,null,null,null,null,null,null,null,null,null,null,null,null,null,null,null,null,null,null,null,null,null,null,null,null,null,null,null,null,null],"items_purchased":["Bouncing Flask","Quick Slash","Orrery","Footwork+1","Well Laid Plans+1","Toolbox","Swift Potion","Secret Technique"],"campfire_rested":1,"item_purchase_floors":[4,4,19,19,38,38,38,54],"current_hp_per_floor":[57,51,66,66,66,66,65,18,18,37,26,17,17,14,14,6,51,40,40,33,33,33,33,25,25,25,21,11,10,10,10,10,1,25,9,16,6,21,21,21,21,21,21,21,20,20,8,8,8,33,22,30,30,33,33,17],"gold":49,"neow_bonus":"ONE_RANDOM_RARE_CARD","is_prod":false,"is_daily":false,"rewards_skipped":[{"floor":24,"relics":[],"potions":["Dexterity Potion"]},{"floor":39,"relics":[],"potions":["Strength Potion"]}],"chose_seed":false,"campfire_upgraded":7,"win_rate":0,"floor_exit_playtime":[337,480,508,684,733,769,832,888,891,930,937,1002,1006,1119,1159,1313,1448,1876,2112,2116,2132,2257,2273,2479,2493,2505,2827,3230,3402,3953,3961,4003,4408,4575,5199,5223,5281,5355,5793,6096,6123,6322,6353,6693,7060,7196,7387,7620,7632,15506,16222,16236,16281,16344,20527,20644],"timestamp":1678594959,"blue_key_relic_skipped_log":{"floor":43,"relicID":"Mummified Hand"},"path_taken":["M","M","?","$","M","R","?","E","T","R","?","M","?","M","R","BOSS","M","$","?","?","M","R","E","R","T","E","?","M","E","?","R","BOSS","M","?","?","$","?","E","R","M","T","M","E","?","M","?","R","BOSS","BOSS","R","$","E","BOSS"],"build_version":"2022-12-18","purchased_purges":0,"victory":true,"max_hp_per_floor":[66,66,66,66,66,66,66,66,66,66,66,66,66,66,66,66,66,66,66,33,33,33,33,33,33,33,33,33,33,33,33,33,33,33,33,33,33,33,33,33,33,33,33,33,33,33,33,33,33,33,33,33,33,33,33,33],"relic_stats":{"Happy Flower":[164],"counters":[28,512],"MealTicket":18,"PreservedInsect":187,"Omamori":2,"Bottled Tornado":"Well Laid Plans","obtain_stats":[{"Potion Belt":31,"Happy Flower":9,"PreservedInsect":30,"Omamori":27,"Frozen Egg 2":8,"Bottled Tornado":40,"SlaversCollar":34,"Anchor":45,"Orrery":19,"Toolbox":38,"MealTicket":26,"Coffee Dripper":17,"Bag of Marbles":24,"FossilizedHelix":55,"Ring of the Snake":0},{"Potion Belt":15,"Happy Flower":5,"PreservedInsect":15,"Omamori":12,"Frozen Egg 2":5,"Bottled Tornado":19,"SlaversCollar":16,"Anchor":22,"Orrery":9,"Toolbox":17,"MealTicket":11,"Coffee Dripper":8,"Bag of Marbles":11,"FossilizedHelix":27,"Ring of the Snake":0},{"Potion Belt":84,"Happy Flower":19,"PreservedInsect":84,"Omamori":62,"Frozen Egg 2":19,"Bottled Tornado":139,"SlaversCollar":89,"Anchor":162,"Orrery":41,"Toolbox":125,"MealTicket":54,"Coffee Dripper":37,"Bag of Marbles":54,"FossilizedHelix":507,"Ring of the Snake":0}],"FossilizedHelix":[1],"Ring of the Snake":[56]},"card_choices":[{"not_picked":["Dodge and Roll","Outmaneuver"],"picked":"Deflect","floor":1},{"not_picked":["Infinite Blades","Quick Slash"],"picked":"Night Terror","floor":2},{"not_picked":["Dagger Throw","Blur"],"picked":"Terror","floor":5},{"not_picked":["Poisoned Stab","Quick Slash"],"picked":"Catalyst","floor":7},{"not_picked":["Quick Slash","Deflect","Blur"],"picked":"SKIP","floor":8},{"not_picked":["Dodge and Roll","Prepared"],"picked":"Flying Knee","floor":12},{"not_picked":["Crippling Poison","Infinite Blades+1"],"picked":"Noxious Fumes+1","floor":14},{"not_picked":["Adrenaline","Phantasmal Killer"],"picked":"Venomology","floor":16},{"not_picked":["Concentrate","Poisoned Stab","Deflect"],"picked":"SKIP","floor":18},{"not_picked":["All Out Attack","PiercingWail"],"picked":"After Image+1","floor":19},{"not_picked":["Deflect","Leg Sweep"],"picked":"Blade Dance","floor":19},{"not_picked":["Endless Agony","Finisher"],"picked":"Outmaneuver+1","floor":19},{"not_picked":["PiercingWail","Deflect"],"picked":"Calculated Gamble","floor":19},{"not_picked":["Bane","Sucker Punch","Dodge and Roll"],"picked":"SKIP","floor":19},{"not_picked":["Underhanded Strike","Caltrops+1"],"picked":"Escape Plan","floor":22},{"not_picked":["Choke","Prepared","Heel Hook"],"picked":"SKIP","floor":24},{"not_picked":["Riddle With Holes","Reflex"],"picked":"Cloak And Dagger+1","floor":27},{"not_picked":["Endless Agony","Flying Knee","Poisoned Stab"],"picked":"SKIP","floor":28},{"not_picked":["Slice","Flechettes"],"picked":"Acrobatics","floor":29},{"not_picked":["Concentrate","Outmaneuver"],"picked":"Escape Plan","floor":30},{"not_picked":["Storm of Steel","A Thousand Cuts+1","Unload"],"picked":"SKIP","floor":33},{"not_picked":["Reflex","Sucker Punch","Poisoned Stab"],"picked":"SKIP","floor":35},{"not_picked":["Mind Blast","Trip"],"picked":"Discovery","floor":37},{"not_picked":["PanicButton","Deep Breath"],"picked":"Secret Technique","floor":37},{"not_picked":["Dramatic Entrance","Impatience","Bandage Up"],"picked":"SKIP","floor":37},{"not_picked":["Setup+1","Distraction"],"picked":"Prepared+1","floor":39},{"not_picked":["Noxious Fumes+1","Masterful Stab+1"],"picked":"Backflip","floor":40},{"not_picked":["Dash","Reflex","Dagger Throw"],"picked":"SKIP","floor":42},{"not_picked":["Dash","Concentrate","Noxious Fumes+1"],"picked":"SKIP","floor":44},{"not_picked":["Dash","Concentrate","Noxious Fumes+1"],"picked":"SKIP","floor":44},{"not_picked":["Terror","Skewer"],"picked":"Dodge and Roll","floor":45},{"not_picked":["Slice","Deadly Poison","Setup"],"picked":"SKIP","floor":47},{"not_picked":["Heel Hook","Quick Slash"],"picked":"Catalyst","floor":48},{"not_picked":["Sucker Punch+1","Corpse Explosion","Endless Agony"],"picked":"SKIP","floor":55}],"player_experience":5334122,"relics_obtained":[{"floor":8,"key":"Frozen Egg 2"},{"floor":9,"key":"Happy Flower"},{"floor":24,"key":"Bag of Marbles"},{"floor":26,"key":"MealTicket"},{"floor":27,"key":"Omamori"},{"floor":30,"key":"PreservedInsect"},{"floor":40,"key":"Bottled Tornado"},{"floor":45,"key":"Anchor"},{"floor":55,"key":"FossilizedHelix"}],"event_choices":[{"damage_healed":15,"gold_gain":0,"player_choice":"Full Heal","damage_taken":0,"max_hp_gain":0,"max_hp_loss":0,"event_name":"Wheel of Change","floor":3,"gold_loss":0},{"damage_healed":0,"gold_gain":75,"player_choice":"Gather Gold","damage_taken":11,"max_hp_gain":0,"max_hp_loss":0,"event_name":"World of Goop","floor":11,"gold_loss":0},{"damage_healed":0,"gold_gain":0,"player_choice":"Ignored","damage_taken":0,"max_hp_gain":0,"max_hp_loss":0,"event_name":"Liars Game","floor":13,"gold_loss":0},{"damage_healed":0,"gold_gain":0,"player_choice":"Became a Ghost","damage_taken":0,"max_hp_gain":0,"max_hp_loss":33,"event_name":"Ghosts","floor":20,"gold_loss":0,"cards_obtained":["Ghostly","Ghostly","Ghostly"]},{"damage_healed":0,"gold_gain":0,"player_choice":"Simplicity","damage_taken":0,"max_hp_gain":0,"max_hp_loss":0,"event_name":"Back to Basics","floor":21,"gold_loss":0,"cards_upgraded":["Strike_G","Strike_G","Strike_G","Strike_G","Strike_G","Defend_G","Defend_G","Defend_G","Defend_G","Defend_G"]},{"damage_healed":0,"gold_gain":0,"player_choice":"Stole Relic","damage_taken":0,"relics_obtained":["Potion Belt"],"max_hp_gain":0,"max_hp_loss":0,"event_name":"Addict","floor":31,"gold_loss":0,"cards_obtained":["Shame"]},{"damage_healed":7,"gold_gain":0,"player_choice":"Writhe","damage_taken":0,"max_hp_gain":0,"max_hp_loss":0,"event_name":"Winding Halls","floor":36,"gold_loss":0,"cards_obtained":["Writhe"]},{"damage_healed":0,"gold_gain":0,"player_choice":"Memory 3","damage_taken":10,"max_hp_gain":0,"max_hp_loss":0,"event_name":"SensoryStone","floor":37,"gold_loss":0},{"damage_healed":0,"gold_gain":0,"player_choice":"Forge","damage_taken":0,"max_hp_gain":0,"max_hp_loss":0,"event_name":"Accursed Blacksmith","floor":46,"gold_loss":0,"cards_upgraded":["Discovery"]}],"is_beta":false,"boss_relics":[{"not_picked":["Tiny House","HoveringKite"],"picked":"Coffee Dripper"},{"not_picked":["Astrolabe","Philosopher\u0027s Stone"],"picked":"SlaversCollar"}],"items_purged_floors":[],"is_endless":false,"potions_floor_spawned":[7,12,16,24,27,28,29,39,48],"ascension_level":20,"potion_discard_per_floor":[[],[],[],[],[],[],[],[],[],[],[],[],[],[],[],[],[],[],[],[],[],[],[],[],[],[],["Energy Potion"],["PowerPotion"],["FairyPotion"],[],[],[],[],[],[],[],[],[],[],[],[],[],[],[],[],[],[],["DistilledChaos"],[],["Strength Potion","Energy Potion","SteroidPotion","Energy Potion","Explosive Potion","SteroidPotion","PowerPotion","AttackPotion","FearPotion","Strength Potion","SteroidPotion","BlessingOfTheForge","Swift Potion","BlessingOfTheForge","Explosive Potion","SmokeBomb","SkillPotion","Block Potion","GamblersBrew","Block Potion","SmokeBomb","PowerPotion","FearPotion","SpeedPotion","AttackPotion","SmokeBomb","SpeedPotion","CunningPotion","SkillPotion","CunningPotion","CultistPotion","SkillPotion","GamblersBrew","Swift Potion","LiquidBronze","SkillPotion","CultistPotion","Strength Potion","PowerPotion","DistilledChaos","SmokeBomb","LiquidBronze","GamblersBrew","SteroidPotion","Swift Potion","DistilledChaos","SneckoOil","DistilledChaos","SkillPotion","LiquidBronze","FairyPotion","SkillPotion"],[],[],[],[],[],["GamblersBrew"],[]]}