{"neow_bonuses_skipped_log":["RANDOM_COLORLESS","TWENTY_PERCENT_HP_BONUS","BOSS_RELIC"],"potions_obtained_entropic_brew":[[],[],[],[],[],[],[],[],[],[],[],[],[],[],[],[],[],[],[],[],[],[],[],[],[],[],[],[],[],[],[],[],[],[],[],[],[],[],[],[],[],[],[],[],[],[],[],[],[],[],[],[],[],[],[],[],[]],"neow_costs_skipped_log":["NONE","PERCENT_DAMAGE","NONE"],"gold_per_floor":[119,119,136,148,158,158,170,170,224,256,275,288,314,24,24,99,99,114,125,141,187,237,237,271,82,163,189,189,216,232,266,266,343,343,359,374,384,284,294,625,625,657,657,677,697,156,189,189,189,189,189,189,189,137,165,165],"floor_reached":57,"playtime":9352,"items_purged":["Riddle With Holes","Masterful Stab","Doubt"],"score":3068,"play_id":"872a155a-6df5-4d9c-a3cc-43691757e51b","local_time":"20230312160923","score_breakdown":["Floors Climbed (57): 285","Enemies Slain (17): 34","Exordium Elites Killed (2): 20","City Elites Killed (4): 80","Beyond Elites Killed (3): 90","Bosses Slain (5): 750","Money Money (1288): 25","Librarian: 25","Champion (4): 100","Overkill: 25","Ascension (20): 1384","Heartbreaker: 250"],"is_ascension_mode":true,"potions_obtained_alchemize":[[],[],[],[],[],[],[],[],[],[],[],[],[],[],[],[],[],[],[],[],[],[],[],[],[],[],[],[],[],["SpeedPotion","ColorlessPotion","Fire Potion","Swift Potion"],["Energy Potion"],[],["Swift Potion"],[],[],[],["CunningPotion","SkillPotion","LiquidMemories"],[],["Swift Potion"],[],[],[],[],[],["Strength Potion"],[],["GamblersBrew"],[],[],["SteroidPotion"],["LiquidMemories"],[],[],[],[],["Fire Potion"],[]],"campfire_choices":[{"data":"All Out Attack","floor":6,"key":"SMITH"},{"data":"Wraith Form v2","floor":8,"key":"SMITH"},{"data":"Predator","floor":15,"key":"SMITH"},{"floor":23,"key":"REST"},{"data":"Night Terror","floor":28,"key":"SMITH"},{"data":"Calculated Gamble","floor":32,"key":"SMITH"},{"floor":41,"key":"RECALL"},{"data":"Burst","floor":49,"key":"SMITH"},{"data":"Tactician","floor":53,"key":"SMITH"}],"lesson_learned_per_floor":[[],[],[],[],[],[],[],[],[],[],[],[],[],[],[],[],[],[],[],[],[],[],[],[],[],[],[],[],[],[],[],[],[],[],[],[],[],[],[],[],[],[],[],[],[],[],[],[],[],[],[],[],[],[],[],[],[]],"neow_cost":"NONE","improvable_cards":{},"seed_source_timestamp":1807920895064,"shop_contents":[{"floor":14,"relics":["Omamori","MealTicket"],"cards":["Underhanded Strike","Choke","Leg Sweep","Prepared","Forethought","The Bomb"],"potions":["Poison Potion","EntropicBrew"]},{"floor":25,"relics":["Strawberry","The Specimen","Lee\u0027s Waffle"],"cards":["Skewer","Dash","Leg Sweep","Accuracy+1","Dramatic Entrance","Mayhem+1"],"potions":["DistilledChaos","Explosive Potion"]},{"floor":38,"relics":["Ginger","Calipers","PrismaticShard"],"cards":["Underhanded Strike","Backstab","Blade Dance","Outmaneuver","Infinite Blades+1","Enlightenment","Mayhem+1"],"potions":["GamblersBrew","Explosive Potion","ColorlessPotion"]},{"floor":46,"relics":["Akabeko"],"cards":["Skewer","Sucker Punch","Setup","Caltrops+1","Forethought","Magnetism+1"],"potions":["CunningPotion","AttackPotion","DistilledChaos"]},{"floor":54,"relics":["Toy Ornithopter","Letter Opener","OrangePellets"],"cards":["Dash","Bane","Tactician","Infinite Blades+1","Mind Blast","Master of Strategy"],"potions":["FearPotion","Explosive Potion","EntropicBrew"]}],"circlet_count":0,"master_deck":["AscendersBane","Survivor","Neutralize+1","Dash+1","Dagger Throw","All Out Attack+1","Blade Dance","Wraith Form v2+1","Deflect","Predator+1","Well Laid Plans+1","Endless Agony","Footwork+1","Night Terror+1","Well Laid Plans+1","Corpse Explosion","Grand Finale","Masterful Stab","Flying Knee","Concentrate","Distraction","Backflip","Prepared+1","Calculated Gamble+1","Outmaneuver","Venomology","Calculated Gamble","Tactician+1","After Image+1","Underhanded Strike+1","Acrobatics","Acrobatics+1","PiercingWail+1","Catalyst+1","Adrenaline","Reflex","Wraith Form v2+1","Burst+1","Acrobatics"],"potion_use_per_floor":[[],[],[],[],[],[],[],[],[],[],[],["Explosive Potion"],["Poison Potion"],[],[],[],[],[],["Swift Potion"],[],[],[],[],["Block Potion"],[],[],["BlessingOfTheForge"],[],["SpeedPotion"],["Dexterity Potion","Dexterity Potion","ColorlessPotion"],["Fire Potion","Poison Potion"],[],[],[],[],[],["Swift Potion","CunningPotion","SkillPotion"],[],["Energy Potion"],[],[],[],[],[],["Swift Potion"],[],["Strength Potion"],[],[],["SpeedPotion"],[],[],[],[],[],["LiquidMemories","LiquidMemories","Fire Potion"],[]],"relics":["Ring of the Snake","Bag of Marbles","Potion Belt","Frozen Egg 2","Oddly Smooth Stone","ClockworkSouvenir","Pandora\u0027s Box","Blood Vial","Bottled Flame","Sundial","Tiny Chest","Mango","Whetstone","Cursed Key","Old Coin","Pen Nib","DollysMirror","Ancient Tea Set","Ice Cream","Bag of Preparation"],"potions_floor_usage":[12,13,19,24,27,29,30,30,30,31,31,37,37,37,39,45,47,50,56,56,56],"damage_taken":[{"damage":1,"enemies":"Jaw Worm","floor":1,"turns":3},{"damage":0,"enemies":"Cultist","floor":3,"turns":3},{"damage":0,"enemies":"2 Louse","floor":4,"turns":2},{"damage":0,"enemies":"2 Fungi Beasts","floor":5,"turns":1},{"damage":0,"enemies":"Large Slime","floor":7,"turns":3},{"damage":12,"enemies":"3 Sentries","floor":10,"turns":6},{"damage":1,"enemies":"Red Slaver","floor":11,"turns":3},{"damage":0,"enemies":"3 Louse","floor":12,"turns":2},{"damage":10,"enemies":"Lagavulin","floor":13,"turns":7},{"damage":21,"enemies":"Slime Boss","floor":16,"turns":12},{"damage":8,"enemies":"Spheric Guardian","floor":18,"turns":4},{"damage":8,"enemies":"3 Byrds","floor":19,"turns":3},{"damage":7,"enemies":"Snake Plant","floor":20,"turns":6},{"damage":0,"enemies":"Gremlin Leader","floor":24,"turns":6},{"damage":24,"enemies":"Book of Stabbing","floor":27,"turns":5},{"damage":9,"enemies":"Gremlin Leader","floor":29,"turns":10},{"damage":0,"enemies":"Centurion and Healer","floor":30,"turns":9},{"damage":3,"enemies":"Slavers","floor":31,"turns":4},{"damage":28,"enemies":"Automaton","floor":33,"turns":6},{"damage":2,"enemies":"Orb Walker","floor":35,"turns":5},{"damage":0,"enemies":"3 Darklings","floor":36,"turns":2},{"damage":0,"enemies":"Maw","floor":37,"turns":7},{"damage":5,"enemies":"4 Shapes","floor":39,"turns":12},{"damage":0,"enemies":"Giant Head","floor":40,"turns":10},{"damage":0,"enemies":"Reptomancer","floor":42,"turns":5},{"damage":3,"enemies":"Transient","floor":44,"turns":6},{"damage":0,"enemies":"Writhing Mass","floor":45,"turns":7},{"damage":8,"enemies":"Nemesis","floor":47,"turns":5},{"damage":6,"enemies":"Time Eater","floor":50,"turns":5},{"damage":26,"enemies":"Awakened One","floor":51,"turns":13},{"damage":0,"enemies":"Shield and Spear","floor":55,"turns":7},{"damage":53,"enemies":"The Heart","floor":56,"turns":9}],"green_key_taken_log":13,"seed_played":"-4117940276991867035","neow_bonus_log":{"cardsObtained":[],"cardsUpgraded":[],"cardsRemoved":[],"cardsTransformed":[],"relicsObtained":["Bag of Marbles"],"maxHpGained":0,"goldGained":0,"damageTaken":0,"goldLost":0,"maxHpLost":0},"potions_obtained":[{"floor":1,"key":"Poison Potion"},{"floor":3,"key":"Swift Potion"},{"floor":11,"key":"Explosive Potion"},{"floor":16,"key":"SpeedPotion"},{"floor":19,"key":"Dexterity Potion"},{"floor":24,"key":"Dexterity Potion"},{"floor":27,"key":"Poison Potion"},{"floor":36,"key":"GamblersBrew"},{"floor":45,"key":"Strength Potion"}],"is_trial":false,"path_per_floor":["M","?","M","M","M","R","M","R","T","E","M","M","E","$","R","B",null,"M","M","M","T","?","R","E","$","T","E","R","E","M","E","R","B",null,"M","M","M","$","M","E","R","E","T","M","M","$","E","?","R","B","B",null,"R","$","E","B",null],"character_chosen":"THE_SILENT","basemod:card_modifiers":[null,null,null,null,null,null,null,null,null,null,null,null,null,null,null,null,null,null,null,null,null,null,null,null,null,null,null,null,null,null,null,null,null,null,null,null,null,null,null],"items_purchased":["Footwork+1","ClockworkSouvenir","Block Potion","BlessingOfTheForge","Outmaneuver","Reflex","DollysMirror","Ancient Tea Set","Acrobatics"],"campfire_rested":1,"item_purchase_floors":[14,14,14,25,25,46,46,46,54],"current_hp_per_floor":[58,58,58,58,58,58,58,58,58,46,45,45,35,35,35,14,53,45,37,30,30,30,49,51,51,51,29,29,36,38,37,37,11,63,63,65,67,67,64,66,66,68,68,67,69,69,63,63,63,59,35,66,66,66,68,17],"gold":165,"neow_bonus":"RANDOM_COMMON_RELIC","is_prod":false,"is_daily":false,"rewards_skipped":[{"floor":7,"relics":[],"potions":["SmokeBomb"]},{"floor":33,"relics":[],"potions":["Strength Potion"]},{"floor":39,"relics":[],"potions":["CunningPotion"]},{"floor":40,"relics":[],"potions":["PowerPotion"]},{"floor":47,"relics":[],"potions":["EssenceOfSteel"]},{"floor":55,"relics":[],"potions":["Block Potion"]}],"chose_seed":false,"campfire_upgraded":7,"win_rate":0,"floor_exit_playtime":[111,134,206,412,436,442,554,560,563,683,729,796,915,1049,1055,1374,1531,1636,1882,2321,2325,2372,2389,2815,3134,3139,3351,3374,3764,4121,4294,4322,4672,4833,4948,5036,5359,5448,5711,6157,6177,6572,6591,6937,7228,7325,7609,7630,7645,7869,8447,8463,8492,8551,8840,9352],"timestamp":1678651763,"blue_key_relic_skipped_log":{"floor":43,"relicID":"Singing Bowl"},"path_taken":["M","?","M","M","M","R","M","R","T","E","M","M","E","$","R","BOSS","M","?","M","?","?","R","E","$","T","E","R","E","M","E","R","BOSS","M","M","?","$","?","E","R","E","T","M","M","$","E","?","R","BOSS","BOSS","R","$","E","BOSS"],"build_version":"2022-12-18","purchased_purges":3,"victory":true,"max_hp_per_floor":[66,66,66,66,66,66,66,66,66,66,66,66,66,66,66,66,66,66,66,66,66,66,66,66,66,66,66,66,80,80,80,80,80,80,80,80,80,80,80,80,80,80,80,80,80,80,80,76,76,76,76,76,76,76,76,76],"relic_stats":{"Ice Cream":[93],"counters":[32,188],"Pen Nib":[7],"Bag of Preparation":[2],"Whetstone":["Neutralize","Dash"],"Cursed Key":1,"Ancient Tea Set":[4],"Blood Vial":38,"Bottled Flame":"Masterful Stab","Sundial":[24],"Pandora\u0027s Box":["Well Laid Plans","Corpse Explosion","Grand Finale","Masterful Stab","Flying Knee","Concentrate","Riddle With Holes","Distraction","Masterful Stab"],"Tiny Chest":0,"obtain_stats":[{"Potion Belt":9,"Ice Cream":47,"Oddly Smooth Stone":13,"Mango":29,"Pen Nib":42,"Bag of Preparation":55,"Whetstone":31,"Frozen Egg 2":10,"Cursed Key":34,"Ancient Tea Set":46,"ClockworkSouvenir":14,"Old Coin":40,"Blood Vial":21,"Bottled Flame":24,"Sundial":26,"DollysMirror":46,"Pandora\u0027s Box":17,"Tiny Chest":27,"Bag of Marbles":0,"Ring of the Snake":0},{"Potion Belt":5,"Ice Cream":28,"Oddly Smooth Stone":9,"Mango":16,"Pen Nib":25,"Bag of Preparation":31,"Whetstone":18,"Frozen Egg 2":6,"Cursed Key":19,"Ancient Tea Set":27,"ClockworkSouvenir":9,"Old Coin":24,"Blood Vial":13,"Bottled Flame":14,"Sundial":14,"DollysMirror":27,"Pandora\u0027s Box":10,"Tiny Chest":15,"Bag of Marbles":0,"Ring of the Snake":0},{"Potion Belt":12,"Ice Cream":154,"Oddly Smooth Stone":30,"Mango":76,"Pen Nib":136,"Bag of Preparation":179,"Whetstone":89,"Frozen Egg 2":18,"Cursed Key":95,"Ancient Tea Set":149,"ClockworkSouvenir":30,"Old Coin":131,"Blood Vial":55,"Bottled Flame":61,"Sundial":61,"DollysMirror":149,"Pandora\u0027s Box":42,"Tiny Chest":66,"Bag of Marbles":0,"Ring of the Snake":0}],"Ring of the Snake":[64]},"card_choices":[{"not_picked":["Blur","Crippling Poison"],"picked":"Dash","floor":1},{"not_picked":["Backflip","Dagger Spray"],"picked":"Dagger Throw","floor":3},{"not_picked":["PiercingWail","Slice"],"picked":"All Out Attack","floor":4},{"not_picked":["Sucker Punch","PiercingWail"],"picked":"Blade Dance","floor":5},{"not_picked":["Quick Slash","Dodge and Roll"],"picked":"Wraith Form v2","floor":7},{"not_picked":["Dash","Expertise"],"picked":"Deflect","floor":10},{"not_picked":["Slice","Quick Slash"],"picked":"Predator","floor":11},{"not_picked":["Noxious Fumes+1","Grand Finale"],"picked":"Well Laid Plans+1","floor":12},{"not_picked":["Predator","Dodge and Roll"],"picked":"Endless Agony","floor":13},{"not_picked":["Grand Finale","Storm of Steel"],"picked":"Night Terror","floor":16},{"not_picked":["Escape Plan","Flying Knee"],"picked":"Backflip","floor":18},{"not_picked":["Accuracy+1","Bane"],"picked":"Prepared+1","floor":19},{"not_picked":["Slice","Dagger Throw"],"picked":"Calculated Gamble","floor":20},{"not_picked":["Prepared","Endless Agony","Skewer"],"picked":"SKIP","floor":24},{"not_picked":["Sucker Punch","Outmaneuver","Storm of Steel"],"picked":"SKIP","floor":27},{"not_picked":["Underhanded Strike","Cloak And Dagger"],"picked":"Venomology","floor":29},{"not_picked":["Underhanded Strike","Quick Slash"],"picked":"Calculated Gamble","floor":30},{"not_picked":["Slice","Skewer+1"],"picked":"Tactician","floor":31},{"not_picked":["Envenom+1","Phantasmal Killer"],"picked":"After Image+1","floor":33},{"not_picked":["Cloak And Dagger","Riddle With Holes"],"picked":"Underhanded Strike+1","floor":35},{"not_picked":["Sucker Punch","Bane+1"],"picked":"Acrobatics","floor":36},{"not_picked":["Dagger Throw+1","Concentrate","Infinite Blades+1"],"picked":"SKIP","floor":37},{"not_picked":["Prepared","Slice","Sucker Punch"],"picked":"SKIP","floor":39},{"not_picked":["Prepared","Slice","Sucker Punch"],"picked":"SKIP","floor":39},{"not_picked":["Deadly Poison","Bullet Time"],"picked":"Acrobatics+1","floor":40},{"not_picked":["Quick Slash","Sucker Punch"],"picked":"PiercingWail+1","floor":42},{"not_picked":["Acrobatics","All Out Attack"],"picked":"Catalyst+1","floor":44},{"not_picked":["Bane","Deadly Poison"],"picked":"Adrenaline","floor":45},{"not_picked":["Prepared","Predator"],"picked":"Burst","floor":47},{"not_picked":["Bane+1","Deflect","Cloak And Dagger+1"],"picked":"SKIP","floor":55}],"player_experience":5354766,"relics_obtained":[{"floor":9,"key":"Potion Belt"},{"floor":10,"key":"Frozen Egg 2"},{"floor":13,"key":"Oddly Smooth Stone"},{"floor":21,"key":"Blood Vial"},{"floor":24,"key":"Bottled Flame"},{"floor":26,"key":"Sundial"},{"floor":27,"key":"Tiny Chest"},{"floor":29,"key":"Mango"},{"floor":31,"key":"Whetstone"},{"floor":40,"key":"Old Coin"},{"floor":42,"key":"Pen Nib"},{"floor":47,"key":"Ice Cream"},{"floor":55,"key":"Bag of Preparation"}],"event_choices":[{"cards_removed":["Defend_G"],"damage_healed":0,"gold_gain":0,"player_choice":"Purged","damage_taken":0,"max_hp_gain":0,"max_hp_loss":0,"event_name":"Purifier","floor":2,"gold_loss":0},{"damage_healed":0,"gold_gain":100,"player_choice":"Bet on Murderer","damage_taken":0,"max_hp_gain":0,"max_hp_loss":0,"event_name":"The Joust","floor":22,"gold_loss":50},{"damage_healed":0,"gold_gain":0,"player_choice":"Max HP","damage_taken":0,"max_hp_gain":0,"max_hp_loss":4,"event_name":"Winding Halls","floor":48,"gold_loss":0}],"is_beta":false,"boss_relics":[{"not_picked":["SlaversCollar","Tiny House"],"picked":"Pandora\u0027s Box"},{"not_picked":["Velvet Choker","Snecko Eye"],"picked":"Cursed Key"}],"items_purged_floors":[25,38,46],"is_endless":false,"potions_floor_spawned":[1,3,7,11,16,19,24,27,33,36,39,40,45,47,55],"ascension_level":20,"potion_discard_per_floor":[[],[],[],[],[],[],[],[],[],[],[],[],[],[],[],[],[],[],[],[],[],[],[],[],[],[],[],[],[],[],[],[],[],[],[],["Swift Potion"],[],[],[],[],[],[],[],[],["Strength Potion"],[],[],[],[],[],["SteroidPotion"],[],[],[],[],[],[]]}