{"neow_bonuses_skipped_log":["ONE_RANDOM_RARE_CARD","RANDOM_COLORLESS_2","BOSS_RELIC"],"potions_obtained_entropic_brew":[[],[],[],[],[],[],[],[],[],[],[],[],[],[],[],[],[],[],[],[],[],[],[],[],[],[],[],[],[],[],[],[],[]],"neow_costs_skipped_log":["NONE","CURSE","NONE"],"gold_per_floor":[113,131,9,27,27,56,67,67,94,122,134,134,166,166,166,242,242,122,122,136,45,45,80,93,118,118,118,14,25,38,53,53,53],"floor_reached":33,"playtime":4270,"items_purged":[],"score":685,"play_id":"3d427094-21e5-499d-8bdb-c325852c9fa5","local_time":"20230310185215","score_breakdown":["Floors Climbed (33): 165","Enemies Slain (10): 20","Exordium Elites Killed (3): 30","City Elites Killed (2): 40","Bosses Slain (1): 50","Librarian: 25","Champion (1): 25","Ascension (20): 330"],"is_ascension_mode":true,"potions_obtained_alchemize":[[],[],[],[],[],[],[],[],[],[],[],[],[],[],[],[],[],["Regen Potion"],[],["Ancient Potion"],[],[],["SpeedPotion"],[],[],[],[],[],["Regen Potion"],["SteroidPotion"],[],[],["CultistPotion"]],"campfire_choices":[{"floor":8,"key":"REST"},{"floor":12,"key":"REST"},{"data":"Catalyst","floor":15,"key":"SMITH"},{"floor":27,"key":"REST"},{"floor":32,"key":"REST"}],"lesson_learned_per_floor":[[],[],[],[],[],[],[],[],[],[],[],[],[],[],[],[],[],[],[],[],[],[],[],[],[],[],[],[],[],[],[],[],[]],"neow_cost":"NONE","improvable_cards":{},"seed_source_timestamp":40266423657997,"shop_contents":[{"floor":3,"relics":["Thread and Needle","Oddly Smooth Stone","TwistedFunnel"],"cards":["Sucker Punch","PiercingWail","Catalyst","Infinite Blades","The Bomb"],"potions":["Fire Potion","Block Potion","BlessingOfTheForge"]},{"floor":21,"relics":["Centennial Puzzle","Gremlin Horn","Toolbox"],"cards":["Quick Slash","Backstab","Blade Dance","Deadly Poison","Well Laid Plans","Apotheosis"],"potions":["Dexterity Potion","PowerPotion","EntropicBrew"]},{"floor":28,"relics":["Anchor","Kunai","Cauldron"],"cards":["Endless Agony","Choke","Leg Sweep","Accuracy","Trip","Mayhem"],"potions":["SneckoOil","Poison Potion"]}],"circlet_count":0,"master_deck":["AscendersBane","Strike_G","Strike_G","Strike_G","Strike_G","Strike_G","Defend_G","Defend_G","Defend_G","Defend_G","Survivor","Neutralize","Noxious Fumes","Poisoned Stab","Poisoned Stab","Dark Shackles","Catalyst+1","Terror","PiercingWail","PiercingWail","PiercingWail","Venomology","CurseOfTheBell","Endless Agony+1","Decay","Bane","PanicButton","Shame","Acrobatics","Footwork","Dagger Spray","Deflect","Prepared+1","Die Die Die","Footwork"],"potion_use_per_floor":[[],[],[],["Regen Potion"],[],["Regen Potion"],[],[],[],["Dexterity Potion"],[],[],[],[],[],[],[],["Block Potion"],[],["Regen Potion"],[],[],["PowerPotion","DuplicationPotion"],["PowerPotion"],["GhostInAJar"],[],[],[],["Regen Potion"],[],["Swift Potion"],[],["CultistPotion","Ancient Potion","SpeedPotion"]],"relics":["Ring of the Snake","Snake Skull","Akabeko","Bottled Tornado","Calling Bell","Smiling Mask","InkBottle","Tough Bandages","Gambling Chip","PreservedInsect","Potion Belt","CaptainsWheel"],"potions_floor_usage":[4,6,10,18,20,23,23,24,25,29,31,33,33,33],"damage_taken":[{"damage":2,"enemies":"Cultist","floor":1,"turns":5},{"damage":0,"enemies":"Jaw Worm","floor":2,"turns":6},{"damage":7,"enemies":"Small Slimes","floor":4,"turns":5},{"damage":54,"enemies":"Gremlin Nob","floor":6,"turns":5},{"damage":3,"enemies":"Exordium Wildlife","floor":7,"turns":4},{"damage":17,"enemies":"3 Sentries","floor":10,"turns":6},{"damage":0,"enemies":"Blue Slaver","floor":11,"turns":4},{"damage":18,"enemies":"Gremlin Nob","floor":13,"turns":4},{"damage":1,"enemies":"Hexaghost","floor":16,"turns":7},{"damage":20,"enemies":"2 Thieves","floor":18,"turns":5},{"damage":25,"enemies":"Shell Parasite","floor":20,"turns":5},{"damage":0,"enemies":"Book of Stabbing","floor":23,"turns":5},{"damage":14,"enemies":"Chosen and Byrds","floor":24,"turns":6},{"damage":9,"enemies":"Gremlin Leader","floor":25,"turns":7},{"damage":1,"enemies":"Snecko","floor":29,"turns":5},{"damage":16,"enemies":"Sentry and Sphere","floor":30,"turns":5},{"damage":12,"enemies":"Snake Plant","floor":31,"turns":4},{"damage":26,"enemies":"Collector","floor":33,"turns":7}],"seed_played":"2898933497605679168","neow_bonus_log":{"cardsObtained":[],"cardsUpgraded":[],"cardsRemoved":[],"cardsTransformed":[],"relicsObtained":[],"maxHpGained":0,"goldGained":0,"damageTaken":0,"goldLost":0,"maxHpLost":0},"potions_obtained":[{"floor":0,"key":"Regen Potion"},{"floor":0,"key":"Regen Potion"},{"floor":4,"key":"Dexterity Potion"},{"floor":11,"key":"Block Potion"},{"floor":16,"key":"PowerPotion"},{"floor":20,"key":"DuplicationPotion"},{"floor":23,"key":"PowerPotion"},{"floor":24,"key":"GhostInAJar"},{"floor":30,"key":"Swift Potion"}],"is_trial":false,"path_per_floor":["M","M","$","M","?","E","M","R","T","E","M","R","E","?","R","B",null,"M","?","M","$","?","E","M","E","T","R","$","M","M","M","R","B"],"character_chosen":"THE_SILENT","basemod:card_modifiers":[null,null,null,null,null,null,null,null,null,null,null,null,null,null,null,null,null,null,null,null,null,null,null,null,null,null,null,null,null,null,null,null,null,null,null],"items_purchased":["Poisoned Stab","Dark Shackles","PanicButton","Deflect","Ancient Potion"],"campfire_rested":4,"item_purchase_floors":[3,3,21,28,28],"current_hp_per_floor":[57,57,57,64,57,18,15,34,34,17,17,36,18,18,18,17,54,34,34,24,24,24,24,10,1,1,20,20,34,18,6,25,0],"gold":53,"neow_bonus":"THREE_SMALL_POTIONS","is_prod":false,"is_daily":false,"rewards_skipped":[{"floor":0,"relics":[],"potions":["Dexterity Potion"]}],"chose_seed":false,"campfire_upgraded":1,"win_rate":0,"floor_exit_playtime":[282,364,422,547,557,690,764,768,776,924,991,995,1279,1334,1342,1471,1823,1932,2061,2242,2360,2381,2742,3176,3468,3471,3507,3565,3648,3797,3973,3976],"timestamp":1678492335,"blue_key_relic_skipped_log":{"floor":9,"relicID":"Tiny Chest"},"path_taken":["M","M","?","M","?","E","M","R","T","E","M","R","E","?","R","BOSS","M","?","M","$","?","E","M","E","T","R","?","M","M","M","R","BOSS"],"build_version":"2022-12-18","purchased_purges":0,"victory":false,"max_hp_per_floor":[66,66,66,66,66,66,66,66,66,66,66,66,66,66,66,66,66,66,66,66,66,66,66,66,66,66,66,66,66,66,66,66,66],"relic_stats":{"Tough Bandages":[171],"counters":[18,95],"Gambling Chip":[39],"Snake Skull":[112],"PreservedInsect":48,"Bottled Tornado":"Noxious Fumes","Smiling Mask":0,"obtain_stats":[{"Calling Bell":17,"Potion Belt":25,"Tough Bandages":17,"CaptainsWheel":26,"Gambling Chip":22,"Snake Skull":6,"PreservedInsect":23,"Bottled Tornado":13,"Smiling Mask":17,"Akabeko":10,"InkBottle":17,"Ring of the Snake":0},{"Calling Bell":9,"Potion Belt":14,"Tough Bandages":9,"CaptainsWheel":14,"Gambling Chip":11,"Snake Skull":4,"PreservedInsect":12,"Bottled Tornado":8,"Smiling Mask":9,"Akabeko":6,"InkBottle":9,"Ring of the Snake":0},{"Calling Bell":46,"Potion Belt":74,"Tough Bandages":46,"CaptainsWheel":74,"Gambling Chip":56,"Snake Skull":21,"PreservedInsect":61,"Bottled Tornado":39,"Smiling Mask":46,"Akabeko":31,"InkBottle":46,"Ring of the Snake":0}],"InkBottle":[19],"Ring of the Snake":[37]},"card_choices":[{"not_picked":["Riddle With Holes","Dash"],"picked":"Noxious Fumes","floor":1},{"not_picked":["PiercingWail","Prepared"],"picked":"Poisoned Stab","floor":2},{"not_picked":["Reflex","Tactician"],"picked":"Catalyst","floor":4},{"not_picked":["Backflip","PiercingWail"],"picked":"Terror","floor":6},{"not_picked":["Skewer","Poisoned Stab","Dagger Spray"],"picked":"SKIP","floor":7},{"not_picked":["Flying Knee","Outmaneuver"],"picked":"PiercingWail","floor":10},{"not_picked":["Outmaneuver","Concentrate"],"picked":"PiercingWail","floor":11},{"not_picked":["Flying Knee","Quick Slash"],"picked":"PiercingWail","floor":13},{"not_picked":["Night Terror","Corpse Explosion"],"picked":"Venomology","floor":16},{"not_picked":["Setup+1","Sucker Punch"],"picked":"Endless Agony+1","floor":18},{"not_picked":["Slice","Heel Hook"],"picked":"Bane","floor":20},{"not_picked":["Dodge and Roll","Setup+1"],"picked":"Acrobatics","floor":23},{"not_picked":["Acrobatics","Choke"],"picked":"Footwork","floor":24},{"not_picked":["Sucker Punch","Slice"],"picked":"Dagger Spray","floor":25},{"not_picked":["PiercingWail+1","Slice+1"],"picked":"Prepared+1","floor":29},{"not_picked":["Distraction","PiercingWail"],"picked":"Die Die Die","floor":30},{"not_picked":["Outmaneuver","Finisher"],"picked":"Footwork","floor":31}],"player_experience":5323329,"relics_obtained":[{"floor":6,"key":"Snake Skull"},{"floor":10,"key":"Akabeko"},{"floor":13,"key":"Bottled Tornado"},{"floor":17,"key":"Smiling Mask"},{"floor":17,"key":"InkBottle"},{"floor":17,"key":"Tough Bandages"},{"floor":23,"key":"PreservedInsect"},{"floor":25,"key":"Potion Belt"},{"floor":26,"key":"CaptainsWheel"}],"event_choices":[{"cards_removed":["Defend_G"],"damage_healed":0,"gold_gain":0,"player_choice":"Card Removal","damage_taken":7,"max_hp_gain":0,"max_hp_loss":0,"event_name":"Golden Wing","floor":5,"gold_loss":0},{"damage_healed":0,"gold_gain":0,"player_choice":"0 cards matched","damage_taken":0,"max_hp_gain":0,"max_hp_loss":0,"event_name":"Match and Keep!","floor":14,"gold_loss":0,"cards_obtained":[]},{"damage_healed":0,"gold_gain":0,"player_choice":"Smashed Altar","damage_taken":0,"max_hp_gain":0,"max_hp_loss":0,"event_name":"Forgotten Altar","floor":19,"gold_loss":0,"cards_obtained":["Decay"]},{"damage_healed":0,"gold_gain":0,"player_choice":"Stole Relic","damage_taken":0,"relics_obtained":["Gambling Chip"],"max_hp_gain":0,"max_hp_loss":0,"event_name":"Addict","floor":22,"gold_loss":0,"cards_obtained":["Shame"]}],"is_beta":false,"boss_relics":[{"not_picked":["SlaversCollar","Snecko Eye"],"picked":"Calling Bell"}],"items_purged_floors":[],"is_endless":false,"potions_floor_spawned":[4,11,16,20,23,24,30],"killed_by":"Collector","ascension_level":20,"potion_discard_per_floor":[[],[],[],[],[],[],[],[],[],[],[],[],[],[],[],[],[],[],[],["Ancient Potion"],[],[],[],[],[],[],[],[],[],[],[],[],[]]}