{"neow_bonuses_skipped_log":["THREE_ENEMY_KILL","RANDOM_COLORLESS_2","BOSS_RELIC"],"potions_obtained_entropic_brew":[[],[],[],[],[],[],[],[],[],[],[],[],[],[],[],[],[],[],[],[],[],[],[],[],[],[],[],[],[],[],[],[],[],[],[],[],[],[],[],[],[],[],[],[],[],[],[],[],[],[],[],[],[],[],[],[],[]],"neow_costs_skipped_log":["NONE","CURSE","NONE"],"gold_per_floor":[117,130,142,142,160,179,179,179,179,179,196,211,227,51,51,127,127,138,151,168,33,43,43,43,43,43,70,70,89,114,29,29,108,108,118,165,165,165,10,38,0,16,16,30,64,64,97,97,97,97,97,97,97,4,30,30],"floor_reached":57,"playtime":10407,"items_purged":["Strike_G","Deadly Poison","Skewer+1"],"score":3119,"play_id":"84071dfd-39e6-4c03-a583-74520f57fbc4","local_time":"20230312190959","falling_options_log":["Bullet Time+1","Wraith Form v2"],"score_breakdown":["Floors Climbed (57): 285","Enemies Slain (16): 32","Exordium Elites Killed (0): 0","City Elites Killed (2): 40","Beyond Elites Killed (3): 90","Bosses Slain (5): 750","Collector (1): 25","Champion (5): 125","Perfect (1): 50","Overkill: 25","C-c-c-combo: 25","Ascension (20): 1422","Heartbreaker: 250"],"is_ascension_mode":true,"potions_obtained_alchemize":[[],[],[],[],[],[],[],[],[],[],[],[],[],[],[],[],[],[],[],[],[],[],[],[],[],[],[],[],[],[],[],[],[],[],[],[],[],[],[],[],[],[],[],[],[],[],[],[],[],[],[],[],[],[],[],[],[]],"campfire_choices":[{"data":"Dagger Spray","floor":7,"key":"SMITH"},{"data":"Skewer","floor":15,"key":"SMITH"},{"data":"Wraith Form v2","floor":23,"key":"SMITH"},{"data":"Tactician","floor":25,"key":"SMITH"},{"data":"Bullet Time","floor":28,"key":"SMITH"},{"data":"Well Laid Plans","floor":32,"key":"SMITH"},{"floor":46,"key":"RECALL"},{"floor":49,"key":"DIG"},{"floor":53,"key":"DIG"}],"lesson_learned_per_floor":[[],[],[],[],[],[],[],[],[],[],[],[],[],[],[],[],[],[],[],[],[],[],[],[],[],[],[],[],[],[],[],[],[],[],[],[],[],[],[],[],[],[],[],[],[],[],[],[],[],[],[],[],[],[],[],[],[]],"neow_cost":"NONE","improvable_cards":{},"seed_source_timestamp":11626883880017,"shop_contents":[{"floor":14,"relics":["Mercury Hourglass","Lizard Tail","WingedGreaves"],"cards":["Underhanded Strike","Bane","Reflex","Concentrate","Accuracy","Forethought","Master of Strategy"],"potions":["Swift Potion","PowerPotion","Fruit Juice"]},{"floor":21,"relics":["Toy Ornithopter","Ancient Tea Set","ClockworkSouvenir"],"cards":["Poisoned Stab","Dagger Throw","Setup","Blur","Accuracy","Jack Of All Trades","HandOfGreed"],"potions":["Fire Potion","Strength Potion","DistilledChaos"]},{"floor":31,"relics":["The Specimen","Boot","Cauldron"],"cards":["Dagger Throw","Grand Finale","Distraction","PiercingWail","Infinite Blades","Dramatic Entrance","Secret Weapon"],"potions":["GamblersBrew","SneckoOil","PowerPotion"]},{"floor":39,"relics":["HornCleat","Mummified Hand","HandDrill"],"cards":["Dagger Spray","Skewer","PiercingWail","Reflex","Footwork","Panacea","Panacea"],"potions":["Strength Potion","FearPotion","Weak Potion"]},{"floor":54,"relics":["Bronze Scales","Happy Flower","Membership Card"],"cards":["Flying Knee","Grand Finale","Deadly Poison","Catalyst","Infinite Blades","Mind Blast","Master of Strategy"],"potions":["SpeedPotion","DistilledChaos","Fire Potion"]}],"circlet_count":0,"master_deck":["AscendersBane","Survivor","Neutralize","Well Laid Plans+1","PiercingWail","Backstab","Dagger Spray+1","Slice","PiercingWail","Endless Agony","Blur","PiercingWail","Expertise","Bullet Time+1","Grand Finale","Wraith Form v2+1","Acrobatics","Dagger Throw","Prepared","Tactician+1","Backflip","Backflip","Tactician","Burst","Eviscerate+1","Master of Strategy","Purity","Madness","Apotheosis","Backflip","Reflex","Wraith Form v2","Backflip+1","Acrobatics"],"potion_use_per_floor":[[],[],[],[],[],[],[],[],[],[],[],[],[],[],[],["ColorlessPotion","ColorlessPotion"],[],[],[],[],[],[],[],[],[],[],["Energy Potion"],[],[],[],[],[],[],[],[],[],[],[],[],[],[],[],[],[],[],[],[],[],[],[],[],[],[],[],[],["Energy Potion","Energy Potion"],[]],"relics":["Ring of the Serpent","FossilizedHelix","Smiling Mask","The Courier","Sling","Pandora\u0027s Box","Pen Nib","Shuriken","Question Card","Pocketwatch","Juzu Bracelet","Shovel","Darkstone Periapt","Red Mask","Potion Belt","Tingsha","Sundial","Kunai","StrikeDummy"],"potions_floor_usage":[16,16,27,56,56],"damage_taken":[{"damage":7,"enemies":"Cultist","floor":1,"turns":5},{"damage":14,"enemies":"Jaw Worm","floor":2,"turns":9},{"damage":8,"enemies":"2 Louse","floor":3,"turns":4},{"damage":21,"enemies":"Exordium Thugs","floor":5,"turns":10},{"damage":9,"enemies":"3 Louse","floor":6,"turns":5},{"damage":0,"enemies":"Looter","floor":11,"turns":3},{"damage":0,"enemies":"Red Slaver","floor":12,"turns":3},{"damage":0,"enemies":"Blue Slaver","floor":13,"turns":4},{"damage":17,"enemies":"The Guardian","floor":16,"turns":15},{"damage":0,"enemies":"Spheric Guardian","floor":18,"turns":3},{"damage":0,"enemies":"3 Byrds","floor":19,"turns":4},{"damage":2,"enemies":"Centurion and Healer","floor":20,"turns":8},{"damage":1,"enemies":"Snecko","floor":22,"turns":4},{"damage":0,"enemies":"Book of Stabbing","floor":27,"turns":6},{"damage":0,"enemies":"Sentry and Sphere","floor":29,"turns":7},{"damage":0,"enemies":"Gremlin Leader","floor":30,"turns":3},{"damage":8,"enemies":"Automaton","floor":33,"turns":6},{"damage":1,"enemies":"Orb Walker","floor":35,"turns":4},{"damage":2,"enemies":"2 Orb Walkers","floor":36,"turns":3},{"damage":0,"enemies":"Giant Head","floor":40,"turns":6},{"damage":0,"enemies":"3 Darklings","floor":42,"turns":5},{"damage":0,"enemies":"4 Shapes","floor":44,"turns":6},{"damage":0,"enemies":"Reptomancer","floor":45,"turns":10},{"damage":0,"enemies":"Giant Head","floor":47,"turns":7},{"damage":6,"enemies":"Donu and Deca","floor":50,"turns":9},{"damage":0,"enemies":"Awakened One","floor":51,"turns":5},{"damage":2,"enemies":"Shield and Spear","floor":55,"turns":6},{"damage":31,"enemies":"The Heart","floor":56,"turns":8}],"green_key_taken_log":30,"seed_played":"-2887574850055566838","neow_bonus_log":{"cardsObtained":[],"cardsUpgraded":[],"cardsRemoved":["Strike_G"],"cardsTransformed":[],"relicsObtained":[],"maxHpGained":0,"goldGained":0,"damageTaken":0,"goldLost":0,"maxHpLost":0},"potions_obtained":[{"floor":5,"key":"ColorlessPotion"},{"floor":11,"key":"ColorlessPotion"},{"floor":16,"key":"Swift Potion"},{"floor":19,"key":"Energy Potion"},{"floor":30,"key":"Swift Potion"},{"floor":55,"key":"Energy Potion"}],"is_trial":false,"path_per_floor":["M","M","M","?","M","M","R","T","T","T","M","M","M","$","R","B",null,"M","M","M","$","M","R","?","R","T","E","R","M","E","$","R","B",null,"M","?","?","?","$","E","?","M","T","M","E","R","E","?","R","B","B",null,"R","$","E","B",null],"character_chosen":"THE_SILENT","basemod:card_modifiers":[null,null,null,null,null,null,null,null,null,null,null,null,null,null,null,null,null,null,null,null,null,null,null,null,null,null,null,null,null,null,null,null,null,null],"items_purchased":["Sling","Pen Nib","Tactician","Apotheosis","Energy Potion"],"campfire_rested":0,"item_purchase_floors":[14,21,31,39,54],"current_hp_per_floor":[52,38,30,52,31,22,22,22,22,22,22,22,22,22,22,5,51,51,51,49,49,48,48,48,48,48,48,48,48,48,48,48,40,60,59,57,47,47,47,47,47,47,47,47,47,47,47,47,47,41,41,60,60,60,58,27],"gold":30,"neow_bonus":"REMOVE_CARD","is_prod":false,"is_daily":false,"rewards_skipped":[{"floor":13,"relics":[],"potions":["SpeedPotion"]},{"floor":20,"relics":[],"potions":["SkillPotion"]},{"floor":40,"relics":[],"potions":["DistilledChaos"]},{"floor":42,"relics":[],"potions":["CultistPotion"]}],"chose_seed":false,"campfire_upgraded":6,"win_rate":0,"floor_exit_playtime":[761,993,1078,1086,1425,1665,1674,1683,1709,1793,1869,1970,2054,2362,2370,2778,3039,3153,3478,3753,3782,3923,3966,3991,4004,4012,4337,4399,4646,4809,4863,4874,5239,5845,5972,6190,6279,6341,6379,6688,6696,6861,6866,7150,7678,7704,8066,8071,8081,8783,9191,9209,9217,9277,9521,10407],"timestamp":1678662599,"blue_key_relic_skipped_log":{"floor":43,"relicID":"PreservedInsect"},"path_taken":["M","M","M","?","M","M","R","?","T","?","M","M","M","$","R","BOSS","M","?","M","$","M","R","?","R","T","E","R","M","E","$","R","BOSS","M","?","?","?","$","E","?","M","T","M","E","R","E","?","R","BOSS","BOSS","R","$","E","BOSS"],"build_version":"2022-12-18","purchased_purges":3,"victory":true,"max_hp_per_floor":[66,66,66,66,66,66,66,66,66,66,66,66,66,66,66,66,66,66,66,66,66,66,66,66,66,66,66,66,66,66,66,66,66,66,66,66,66,66,66,66,66,66,66,66,66,66,66,66,66,66,66,66,66,66,66,66],"relic_stats":{"Darkstone Periapt":0,"counters":[28,168],"Tingsha":[381],"The Courier":185,"Pen Nib":[25],"Juzu Bracelet":1,"Smiling Mask":90,"Question Card":15,"Shovel":2,"Shuriken":[57],"Sundial":[24],"Pandora\u0027s Box":["Endless Agony","Blur","PiercingWail","Expertise","Deadly Poison","Bullet Time","Grand Finale","Wraith Form v2"],"Kunai":[11],"obtain_stats":[{"Darkstone Periapt":40,"Potion Belt":45,"Tingsha":47,"The Courier":10,"Pen Nib":21,"Juzu Bracelet":30,"Smiling Mask":9,"Sling":14,"Question Card":26,"Shovel":36,"Shuriken":24,"Sundial":49,"Pandora\u0027s Box":17,"Red Mask":41,"Kunai":53,"StrikeDummy":55,"FossilizedHelix":8,"Ring of the Serpent":34,"Ring of the Snake":0,"Pocketwatch":27},{"Darkstone Periapt":20,"Potion Belt":23,"Tingsha":24,"The Courier":5,"Pen Nib":12,"Juzu Bracelet":16,"Smiling Mask":5,"Sling":8,"Question Card":13,"Shovel":19,"Shuriken":13,"Sundial":24,"Pandora\u0027s Box":9,"Red Mask":20,"Kunai":26,"StrikeDummy":27,"FossilizedHelix":5,"Ring of the Serpent":17,"Ring of the Snake":0,"Pocketwatch":14},{"Darkstone Periapt":112,"Potion Belt":133,"Tingsha":140,"The Courier":33,"Pen Nib":73,"Juzu Bracelet":93,"Smiling Mask":33,"Sling":43,"Question Card":77,"Shovel":106,"Shuriken":77,"Sundial":140,"Pandora\u0027s Box":58,"Red Mask":112,"Kunai":154,"StrikeDummy":160,"FossilizedHelix":33,"Ring of the Serpent":99,"Ring of the Snake":0,"Pocketwatch":83}],"FossilizedHelix":[152],"Pocketwatch":[83]},"card_choices":[{"not_picked":["Acrobatics","PiercingWail"],"picked":"Well Laid Plans","floor":1},{"not_picked":["Escape Plan","Prepared"],"picked":"PiercingWail","floor":2},{"not_picked":["Quick Slash","Blade Dance"],"picked":"Backstab","floor":3},{"not_picked":["Sucker Punch","Deadly Poison"],"picked":"Flying Knee","floor":5},{"not_picked":["Doppelganger","Escape Plan"],"picked":"Dagger Spray","floor":6},{"not_picked":["Deflect","Blur"],"picked":"Slice","floor":11},{"not_picked":["Backstab","Setup"],"picked":"Skewer","floor":12},{"not_picked":["Underhanded Strike","Cloak And Dagger"],"picked":"PiercingWail","floor":13},{"not_picked":["Night Terror","Die Die Die"],"picked":"Glass Knife","floor":16},{"not_picked":["Noxious Fumes","PiercingWail"],"picked":"Acrobatics","floor":18},{"not_picked":["Deadly Poison+1","Bane"],"picked":"Dagger Throw","floor":19},{"not_picked":["Masterful Stab","Cloak And Dagger+1"],"picked":"Prepared","floor":20},{"not_picked":["After Image","Dagger Throw"],"picked":"Tactician","floor":22},{"not_picked":["Infinite Blades","Slice","Prepared"],"picked":"Backflip","floor":27},{"not_picked":["Bane","Prepared","Poisoned Stab"],"picked":"Backflip","floor":29},{"not_picked":["Underhanded Strike","Storm of Steel","Deadly Poison","Flying Knee"],"picked":"SKIP","floor":30},{"not_picked":["Die Die Die","Corpse Explosion","Grand Finale"],"picked":"Burst","floor":33},{"not_picked":["Deadly Poison","Blade Dance","Choke+1"],"picked":"Eviscerate+1","floor":35},{"not_picked":["All Out Attack","Distraction","Cloak And Dagger","Bouncing Flask"],"picked":"SKIP","floor":36},{"not_picked":["Flash of Steel","Panache","The Bomb"],"picked":"Master of Strategy","floor":37},{"not_picked":["Discovery","Thinking Ahead","PanicButton"],"picked":"Purity","floor":37},{"not_picked":["Panache","Forethought","Impatience"],"picked":"Madness","floor":37},{"not_picked":["Dagger Throw+1","All Out Attack","Bane","PiercingWail"],"picked":"SKIP","floor":40},{"not_picked":["Dagger Throw+1","All Out Attack","Bane","PiercingWail"],"picked":"SKIP","floor":40},{"not_picked":["Blur+1","Bouncing Flask","Crippling Poison"],"picked":"Backflip","floor":42},{"not_picked":["Underhanded Strike+1","Sucker Punch","Poisoned Stab"],"picked":"Reflex","floor":44},{"not_picked":["Outmaneuver+1","Poisoned Stab","Wraith Form v2","Bane"],"picked":"SKIP","floor":45},{"not_picked":["Outmaneuver+1","Poisoned Stab","Bane"],"picked":"Wraith Form v2","floor":45},{"not_picked":["Flying Knee","Prepared","PiercingWail"],"picked":"Backflip+1","floor":47},{"not_picked":["Expertise","Glass Knife","Distraction+1"],"picked":"Acrobatics","floor":55}],"player_experience":5364118,"relics_obtained":[{"floor":8,"key":"FossilizedHelix"},{"floor":9,"key":"Smiling Mask"},{"floor":10,"key":"The Courier"},{"floor":24,"key":"Shuriken"},{"floor":26,"key":"Question Card"},{"floor":27,"key":"Pocketwatch"},{"floor":30,"key":"Juzu Bracelet"},{"floor":36,"key":"Shovel"},{"floor":40,"key":"Darkstone Periapt"},{"floor":45,"key":"Potion Belt"},{"floor":47,"key":"Tingsha"},{"floor":49,"key":"Sundial"},{"floor":53,"key":"Kunai"},{"floor":55,"key":"StrikeDummy"}],"event_choices":[{"damage_healed":22,"gold_gain":0,"player_choice":"Banana","damage_taken":0,"max_hp_gain":0,"max_hp_loss":0,"event_name":"Big Fish","floor":4,"gold_loss":0},{"damage_healed":0,"gold_gain":0,"player_choice":"Relic","damage_taken":0,"max_hp_gain":0,"max_hp_loss":0,"event_name":"Wheel of Change","floor":24,"gold_loss":0},{"damage_healed":0,"gold_gain":0,"player_choice":"Fight","damage_taken":0,"max_hp_gain":0,"max_hp_loss":0,"event_name":"Mysterious Sphere","floor":36,"gold_loss":0},{"damage_healed":0,"gold_gain":0,"player_choice":"Memory 3","damage_taken":10,"max_hp_gain":0,"max_hp_loss":0,"event_name":"SensoryStone","floor":37,"gold_loss":0},{"cards_removed":["Glass Knife"],"damage_healed":0,"gold_gain":0,"player_choice":"Purged","damage_taken":0,"max_hp_gain":0,"max_hp_loss":0,"event_name":"Purifier","floor":38,"gold_loss":0},{"damage_healed":0,"gold_gain":0,"player_choice":"Paid","damage_taken":0,"relics_obtained":["Red Mask"],"max_hp_gain":0,"max_hp_loss":0,"event_name":"Tomb of Lord Red Mask","floor":41,"gold_loss":38},{"cards_removed":["Flying Knee"],"damage_healed":0,"gold_gain":0,"player_choice":"Removed Attack","damage_taken":0,"max_hp_gain":0,"max_hp_loss":0,"event_name":"Falling","floor":48,"gold_loss":0}],"is_beta":false,"boss_relics":[{"not_picked":["Coffee Dripper","Philosopher\u0027s Stone"],"picked":"Pandora\u0027s Box"},{"not_picked":["Calling Bell","Astrolabe"],"picked":"Ring of the Serpent"}],"items_purged_floors":[14,31,54],"is_endless":false,"potions_floor_spawned":[5,11,13,16,19,20,30,40,42,55],"ascension_level":20,"potion_discard_per_floor":[[],[],[],[],[],[],[],[],[],[],[],[],[],[],[],[],[],[],[],[],[],[],[],[],[],[],[],[],[],[],[],[],[],[],[],[],[],[],[],[],[],[],[],[],[],[],[],[],[],[],[],[],[],[],[],["Swift Potion","Swift Potion"],[]]}