{"neow_bonuses_skipped_log":["TRANSFORM_CARD","THREE_SMALL_POTIONS","BOSS_RELIC"],"potions_obtained_entropic_brew":[[],[],[],[],[],[],[],[],[],[],[],[],[],[],[],[]],"neow_costs_skipped_log":["NONE","NONE","NONE"],"gold_per_floor":[117,42,42,57,67,102,121,121,121,121,136,171,181,106,106,106],"floor_reached":16,"playtime":1002,"items_purged":["Strike_G"],"score":274,"play_id":"0cdf389f-fbb7-4f3d-990a-35b36e8bc386","local_time":"20230305145751","score_breakdown":["Floors Climbed (16): 80","Enemies Slain (6): 12","Exordium Elites Killed (2): 20","Bosses Slain (0): 0","Champion (1): 25","Ascension (20): 137"],"is_ascension_mode":true,"potions_obtained_alchemize":[[],[],[],[],[],[],[],[],[],[],[],[],[],[],[],[]],"campfire_choices":[{"data":"Apotheosis","floor":8,"key":"SMITH"},{"floor":10,"key":"REST"},{"floor":15,"key":"REST"}],"lesson_learned_per_floor":[[],[],[],[],[],[],[],[],[],[],[],[],[],[],[],[]],"neow_cost":"TEN_PERCENT_HP_LOSS","improvable_cards":{},"seed_source_timestamp":2610459112932,"shop_contents":[{"floor":14,"relics":["Peace Pipe","Torii","HandDrill"],"cards":["Slice","Quick Slash","Storm of Steel","Bouncing Flask","Caltrops","Jack Of All Trades","Secret Technique"],"potions":["Dexterity Potion","SneckoOil","Ancient Potion"]}],"circlet_count":0,"master_deck":["AscendersBane","Strike_G","Strike_G","Strike_G","Strike_G","Defend_G","Defend_G","Defend_G","Defend_G","Survivor","Neutralize","Apotheosis+1","PiercingWail","Flying Knee","Terror","Dash","Backflip","Blade Dance","Acrobatics","PiercingWail"],"potion_use_per_floor":[[],[],[],[],[],[],[],[],[],[],[],[],[],[],[],["FearPotion"]],"relics":["Ring of the Snake","Calipers","Meat on the Bone"],"potions_floor_usage":[16],"damage_taken":[{"damage":7,"enemies":"2 Louse","floor":1,"turns":5},{"damage":1,"enemies":"Small Slimes","floor":4,"turns":5},{"damage":1,"enemies":"Jaw Worm","floor":5,"turns":3},{"damage":32,"enemies":"Gremlin Nob","floor":6,"turns":4},{"damage":1,"enemies":"Blue Slaver","floor":7,"turns":4},{"damage":0,"enemies":"Looter","floor":11,"turns":3},{"damage":0,"enemies":"Lagavulin","floor":12,"turns":6},{"damage":8,"enemies":"Large Slime","floor":13,"turns":5},{"damage":65,"enemies":"Slime Boss","floor":16,"turns":11}],"seed_played":"598020302178994387","neow_bonus_log":{"cardsObtained":[],"cardsUpgraded":[],"cardsRemoved":[],"cardsTransformed":[],"relicsObtained":[],"maxHpGained":0,"goldGained":0,"damageTaken":0,"goldLost":0,"maxHpLost":6},"potions_obtained":[{"floor":1,"key":"FearPotion"}],"is_trial":false,"path_per_floor":["M","?","?","M","M","E","M","R","T","R","M","E","M","$","R","B"],"character_chosen":"THE_SILENT","basemod:card_modifiers":[null,null,null,null,null,null,null,null,null,null,null,null,null,null,null,null,null,null,null,null],"items_purchased":[],"campfire_rested":2,"item_purchase_floors":[],"current_hp_per_floor":[52,52,52,51,50,18,17,17,17,35,35,35,39,39,57,0],"gold":106,"neow_bonus":"RANDOM_COLORLESS_2","is_prod":false,"is_daily":false,"rewards_skipped":[],"chose_seed":false,"campfire_upgraded":1,"win_rate":0,"floor_exit_playtime":[168,181,210,254,297,328,373,380,419,424,446,505,602,708,761],"timestamp":1678046271,"blue_key_relic_skipped_log":{"floor":9,"relicID":"Molten Egg 2"},"path_taken":["M","?","?","M","M","E","M","R","T","R","M","E","M","$","R","BOSS"],"build_version":"2022-12-18","purchased_purges":1,"victory":false,"max_hp_per_floor":[60,60,60,60,60,60,60,60,60,60,60,60,60,60,60,60],"relic_stats":{"Calipers":[16],"counters":[9,46],"obtain_stats":[{"Calipers":6,"Ring of the Snake":0,"Meat on the Bone":12},{"Calipers":4,"Ring of the Snake":0,"Meat on the Bone":7},{"Calipers":17,"Ring of the Snake":0,"Meat on the Bone":30}],"Ring of the Snake":[18],"Meat on the Bone":12},"card_choices":[{"not_picked":["Transmutation","Secret Weapon"],"picked":"Apotheosis","floor":0},{"not_picked":["Backflip","Outmaneuver"],"picked":"PiercingWail","floor":1},{"not_picked":["Expertise","Cloak And Dagger"],"picked":"Flying Knee","floor":4},{"not_picked":["Backflip","Caltrops"],"picked":"Terror","floor":5},{"not_picked":["Reflex","Underhanded Strike"],"picked":"Dash","floor":6},{"not_picked":["Dagger Throw","Cloak And Dagger"],"picked":"Backflip","floor":7},{"not_picked":["Heel Hook","Storm of Steel"],"picked":"Blade Dance","floor":11},{"not_picked":["Prepared","Dagger Throw"],"picked":"Acrobatics","floor":12},{"not_picked":["Distraction","Deflect"],"picked":"PiercingWail","floor":13}],"player_experience":5261756,"relics_obtained":[{"floor":6,"key":"Calipers"},{"floor":12,"key":"Meat on the Bone"}],"event_choices":[{"cards_removed":["Defend_G"],"damage_healed":0,"gold_gain":0,"player_choice":"Card Removal","damage_taken":0,"max_hp_gain":0,"max_hp_loss":0,"event_name":"The Cleric","floor":2,"gold_loss":75},{"damage_healed":0,"gold_gain":0,"player_choice":"Ignored","damage_taken":0,"max_hp_gain":0,"max_hp_loss":0,"event_name":"Liars Game","floor":3,"gold_loss":0}],"is_beta":false,"boss_relics":[],"items_purged_floors":[14],"is_endless":false,"potions_floor_spawned":[1],"killed_by":"Slime Boss","ascension_level":20,"potion_discard_per_floor":[[],[],[],[],[],[],[],[],[],[],[],[],[],[],[],[]]}