{"neow_bonuses_skipped_log":["THREE_CARDS","THREE_ENEMY_KILL","TWENTY_PERCENT_HP_BONUS"],"neow_costs_skipped_log":["NONE","NONE","NO_GOLD"],"potions_obtained_entropic_brew":[[],[],[],[],[],[],[],[],[],[],[],[],[],[]],"gold_per_floor":[116,130,52,72,72,72,72,106,106,106,139,139,64,64],"floor_reached":14,"playtime":546,"items_purged":["Defend_P"],"score":192,"play_id":"b2e23b77-638f-4c90-8034-064dc888b436","local_time":"20220920190509","score_breakdown":["Floors Climbed (14): 70","Enemies Slain (3): 6","Exordium Elites Killed (2): 20","Bosses Slain (0): 0","Ascension (20): 96"],"is_ascension_mode":true,"potions_obtained_alchemize":[[],[],[],[],[],[],[],[],[],[],[],[],[],[]],"campfire_choices":[{"data":"Eruption","floor":6,"key":"SMITH"},{"data":"Adaptation","floor":12,"key":"SMITH"}],"lesson_learned_per_floor":[[],[],[],[],[],[],[],[],[],[],[],[],[],[]],"neow_cost":"NONE","improvable_cards":{},"seed_source_timestamp":10769177631922,"shop_contents":[{"floor":3,"relics":["CeramicFish","InkBottle","TheAbacus"],"cards":["CrushJoints","Protect","Halt","MentalFortress","Deep Breath","Thinking Ahead"],"potions":["Swift Potion","SpeedPotion","Swift Potion"]},{"floor":7,"relics":["Anchor","Bag of Preparation","Chemical X"],"cards":["SashWhip","BowlingBash","Scrawl","Protect","Adaptation","Blind","Secret Technique"],"potions":["LiquidBronze","BottledMiracle","Block Potion"]},{"floor":13,"relics":["Strawberry","Blue Candle","Medical Kit"],"cards":["FlyingSleeves+1","EmptyFist+1","Protect","PathToVictory","Study","PanicButton","Metamorphosis"],"potions":["SteroidPotion","Weak Potion","SmokeBomb"]}],"circlet_count":0,"master_deck":["AscendersBane","Strike_P","Strike_P","Strike_P","Strike_P","Defend_P","Defend_P","Defend_P","Eruption+1","Vigilance","CurseOfTheBell","FlurryOfBlows","FearNoEvil","Adaptation+1"],"potion_use_per_floor":[[],[],[],[],[],[],[],[],[],[],[],[],[],["SpeedPotion","SpeedPotion"]],"relics":["Calling Bell","Bronze Scales","Mercury Hourglass","Mango","Lantern","Kunai","Molten Egg 2","Golden Idol","Ancient Tea Set"],"potions_floor_usage":[14,14],"damage_taken":[{"damage":0,"enemies":"Cultist","floor":1,"turns":4},{"damage":0,"enemies":"Jaw Worm","floor":2,"turns":5},{"damage":0,"enemies":"2 Louse","floor":4,"turns":2},{"damage":27,"enemies":"Lagavulin","floor":8,"turns":5},{"damage":17,"enemies":"3 Sentries","floor":11,"turns":6},{"damage":70,"enemies":"Gremlin Nob","floor":14,"turns":3}],"seed_played":"184926515002684852","neow_bonus_log":{"cardsObtained":[],"cardsUpgraded":[],"cardsRemoved":[],"cardsTransformed":[],"relicsObtained":["Calling Bell"],"maxHpGained":0,"goldGained":0,"damageTaken":0,"goldLost":0,"maxHpLost":0},"potions_obtained":[{"floor":2,"key":"SpeedPotion"},{"floor":11,"key":"SpeedPotion"}],"is_trial":false,"path_per_floor":["M","M","$","M","T","R","$","E","T","?","E","R","$","E"],"character_chosen":"WATCHER","items_purchased":["FearNoEvil"],"campfire_rested":0,"item_purchase_floors":[3],"current_hp_per_floor":[75,75,75,75,75,75,75,48,48,48,31,31,31,0],"gold":64,"neow_bonus":"BOSS_RELIC","is_prod":false,"is_daily":false,"rewards_skipped":[],"chose_seed":false,"campfire_upgraded":2,"win_rate":0,"floor_exit_playtime":[80,115,158,173,177,199,213,306,350,354,433,441,452],"timestamp":1663715109,"path_taken":["M","M","?","M","?","R","$","E","T","?","E","R","$","E"],"build_version":"2022-03-07","purchased_purges":1,"victory":false,"max_hp_per_floor":[82,82,82,82,82,82,82,82,82,74,74,74,74,74],"relic_stats":{"counters":[6,24],"Golden Idol":7,"Bronze Scales":[38],"Kunai":[2],"Ancient Tea Set":[2],"obtain_stats":[{"Calling Bell":0,"Lantern":5,"Golden Idol":10,"Bronze Scales":0,"Mango":0,"Molten Egg 2":9,"Kunai":8,"PureWater":0,"Ancient Tea Set":11,"Mercury Hourglass":0},{"Calling Bell":0,"Lantern":3,"Golden Idol":4,"Bronze Scales":0,"Mango":0,"Molten Egg 2":4,"Kunai":4,"PureWater":0,"Ancient Tea Set":5,"Mercury Hourglass":0},{"Calling Bell":0,"Lantern":11,"Golden Idol":15,"Bronze Scales":0,"Mango":0,"Molten Egg 2":15,"Kunai":15,"PureWater":0,"Ancient Tea Set":21,"Mercury Hourglass":0}],"Mercury Hourglass":[87]},"card_choices":[{"not_picked":["CutThroughFate","FollowUp"],"picked":"FlurryOfBlows","floor":1},{"not_picked":["FlurryOfBlows","FollowUp","BattleHymn"],"picked":"SKIP","floor":2},{"not_picked":["ThirdEye","SashWhip","Collect"],"picked":"SKIP","floor":4},{"not_picked":["SpiritShield","BattleHymn","Crescendo"],"picked":"SKIP","floor":8},{"not_picked":["SpiritShield","BattleHymn","Crescendo"],"picked":"SKIP","floor":8},{"not_picked":["Protect","CutThroughFate+1"],"picked":"Adaptation","floor":11}],"player_experience":3975687,"relics_obtained":[{"floor":0,"key":"Bronze Scales"},{"floor":0,"key":"Mercury Hourglass"},{"floor":0,"key":"Mango"},{"floor":5,"key":"Lantern"},{"floor":8,"key":"Kunai"},{"floor":9,"key":"Molten Egg 2"},{"floor":11,"key":"Ancient Tea Set"}],"event_choices":[{"damage_healed":0,"gold_gain":0,"player_choice":"Lose Max HP","damage_taken":0,"relics_obtained":["Golden Idol"],"max_hp_gain":0,"max_hp_loss":8,"event_name":"Golden Idol","floor":10,"gold_loss":0}],"is_beta":false,"boss_relics":[],"items_purged_floors":[13],"is_endless":false,"potions_floor_spawned":[2,11],"killed_by":"Gremlin Nob","ascension_level":20,"potion_discard_per_floor":[[],[],[],[],[],[],[],[],[],[],[],[],[],[]]}