{"neow_bonuses_skipped_log":["ONE_RANDOM_RARE_CARD","TWENTY_PERCENT_HP_BONUS","BOSS_RELIC"],"neow_costs_skipped_log":["NONE","CURSE","NONE"],"potions_obtained_entropic_brew":[[],[],[],[],[],[],[],[],[],[],[],[],[],[],[],[]],"gold_per_floor":[115,115,135,150,250,250,278,293,293,321,246,263,263,14,14,14],"floor_reached":16,"playtime":772,"items_purged":["Defend_P","Defend_P"],"score":220,"play_id":"7857049b-ab4b-4ed1-818f-8e6cf68cdffd","local_time":"20221004180255","score_breakdown":["Floors Climbed (16): 80","Enemies Slain (5): 10","Exordium Elites Killed (2): 20","Bosses Slain (0): 0","Ascension (20): 110"],"is_ascension_mode":true,"potions_obtained_alchemize":[[],[],[],[],[],[],[],[],[],[],[],[],[],[],[],[]],"campfire_choices":[{"data":"Eruption","floor":6,"key":"SMITH"},{"data":"EmptyMind","floor":15,"key":"SMITH"}],"lesson_learned_per_floor":[[],[],[],[],[],[],[],[],[],[],[],[],[],[],[],[]],"neow_cost":"NONE","improvable_cards":{},"seed_source_timestamp":3434278997719,"shop_contents":[{"floor":11,"relics":["Shovel","MealTicket","PrismaticShard"],"cards":["CutThroughFate","SashWhip","InnerPeace","ClearTheMind","LikeWater","Bandage Up","Transmutation"],"potions":["Strength Potion","BlessingOfTheForge","Ambrosia"]},{"floor":14,"relics":["Molten Egg 2","Strawberry"],"cards":["FearNoEvil","Halt","Evaluate","Nirvana","Blind","Secret Technique"],"potions":["Dexterity Potion","PowerPotion","AttackPotion"]}],"circlet_count":0,"master_deck":["AscendersBane","Strike_P","Strike_P","Strike_P","Strike_P","Eruption+1","Vigilance","Adaptation","ThirdEye","Consecrate","Conclude","FearNoEvil","EmptyMind+1","Omniscience","TalkToTheHand"],"potion_use_per_floor":[[],[],[],[],[],[],[],[],[],[],[],[],[],[],[],["PowerPotion","EssenceOfSteel"]],"relics":["PureWater","Lantern","Art of War","Bronze Scales","Question Card","Membership Card"],"potions_floor_usage":[16,16],"damage_taken":[{"damage":0,"enemies":"2 Louse","floor":1,"turns":2},{"damage":0,"enemies":"Small Slimes","floor":3,"turns":1},{"damage":0,"enemies":"Cultist","floor":4,"turns":2},{"damage":16,"enemies":"Gremlin Nob","floor":7,"turns":3},{"damage":0,"enemies":"Large Slime","floor":8,"turns":2},{"damage":7,"enemies":"Lagavulin","floor":10,"turns":5},{"damage":5,"enemies":"Gremlin Gang","floor":12,"turns":3},{"damage":33,"enemies":"Slime Boss","floor":16,"turns":7}],"green_key_taken_log":10,"seed_played":"1183033464365316448","neow_bonus_log":{"cardsObtained":[],"cardsUpgraded":[],"cardsRemoved":[],"cardsTransformed":[],"relicsObtained":["Lantern"],"maxHpGained":0,"goldGained":0,"damageTaken":0,"goldLost":0,"maxHpLost":0},"potions_obtained":[{"floor":1,"key":"PowerPotion"},{"floor":12,"key":"EssenceOfSteel"}],"is_trial":false,"path_per_floor":["M","?","M","M","?","R","E","M","T","E","$","M","?","$","R","B"],"character_chosen":"WATCHER","items_purchased":["Membership Card","TalkToTheHand"],"campfire_rested":0,"item_purchase_floors":[14,14],"current_hp_per_floor":[61,61,61,61,61,61,45,45,45,38,38,33,33,33,33,0],"gold":14,"neow_bonus":"RANDOM_COMMON_RELIC","is_prod":false,"is_daily":false,"rewards_skipped":[],"chose_seed":false,"campfire_upgraded":2,"win_rate":0,"floor_exit_playtime":[80,97,138,197,213,220,265,300,306,381,417,506,513,553,562],"timestamp":1664920975,"path_taken":["M","?","M","M","?","R","E","?","T","E","$","M","?","$","R","BOSS"],"build_version":"2022-03-07","purchased_purges":2,"victory":false,"max_hp_per_floor":[68,68,68,68,68,68,68,68,68,68,68,68,68,68,68,68],"relic_stats":{"counters":[8,25],"Bronze Scales":[12],"Art of War":[3],"Membership Card":87,"PureWater":[5],"Question Card":1,"obtain_stats":[{"Lantern":0,"Bronze Scales":9,"Art of War":7,"Membership Card":14,"PureWater":0,"Question Card":10},{"Lantern":0,"Bronze Scales":5,"Art of War":4,"Membership Card":7,"PureWater":0,"Question Card":6},{"Lantern":0,"Bronze Scales":10,"Art of War":8,"Membership Card":18,"PureWater":0,"Question Card":15}]},"card_choices":[{"not_picked":["Evaluate","EmptyBody"],"picked":"Adaptation","floor":1},{"not_picked":["Conclude","Evaluate"],"picked":"Consecrate","floor":3},{"not_picked":["Collect","FlyingSleeves","Conclude"],"picked":"SKIP","floor":4},{"not_picked":["Collect","FlyingSleeves"],"picked":"Conclude","floor":4},{"not_picked":["Sanctity","Brilliance","ClearTheMind"],"picked":"SKIP","floor":7},{"not_picked":["FlurryOfBlows","Protect"],"picked":"FearNoEvil","floor":8},{"not_picked":["Establishment","BattleHymn","JustLucky"],"picked":"SKIP","floor":10},{"not_picked":["Conclude","ForeignInfluence","ReachHeaven"],"picked":"EmptyMind","floor":12}],"player_experience":4066892,"relics_obtained":[{"floor":7,"key":"Art of War"},{"floor":9,"key":"Bronze Scales"},{"floor":10,"key":"Question Card"}],"event_choices":[{"damage_healed":0,"gold_gain":0,"cards_transformed":["Defend_P"],"player_choice":"Change","damage_taken":0,"max_hp_gain":0,"max_hp_loss":0,"event_name":"Living Wall","floor":2,"gold_loss":0,"cards_obtained":["ThirdEye"]},{"damage_healed":0,"gold_gain":100,"player_choice":"Gold","damage_taken":0,"max_hp_gain":0,"max_hp_loss":0,"event_name":"Wheel of Change","floor":5,"gold_loss":0},{"damage_healed":0,"gold_gain":0,"cards_transformed":["Defend_P"],"player_choice":"Transformed","damage_taken":0,"max_hp_gain":0,"max_hp_loss":0,"event_name":"Transmorgrifier","floor":13,"gold_loss":0,"cards_obtained":["Omniscience"]}],"is_beta":false,"boss_relics":[],"items_purged_floors":[11,14],"is_endless":false,"potions_floor_spawned":[1,12],"killed_by":"Slime Boss","ascension_level":20,"potion_discard_per_floor":[[],[],[],[],[],[],[],[],[],[],[],[],[],[],[],[]]}