{"neow_bonuses_skipped_log":["UPGRADE_CARD","THREE_SMALL_POTIONS","BOSS_RELIC"],"neow_costs_skipped_log":["NONE","NONE","NONE"],"potions_obtained_entropic_brew":[[],[],[],[],[],[],[],[],[],[],[],[],[],[],[],[],[],[],[],[],[],[],[],[],[],[],[],[],[],[],[],[],[],[],[],[],[],[],[],[],[],[],[],[],[],[],[],[],[],[],[],[],[],[],[],[],[]],"gold_per_floor":[113,127,127,127,52,52,67,67,67,85,85,120,170,195,195,266,266,278,293,293,74,74,74,87,107,175,112,139,139,174,192,192,268,268,281,123,137,156,156,156,170,181,181,181,206,206,31,43,43,43,43,43,43,43,75,75],"floor_reached":57,"playtime":2295,"items_purged":["Strike_P","Defend_P","Strike_P","Prostrate+1","Eruption+1"],"score":3150,"play_id":"1331d273-906b-4810-b689-729da3b54d03","local_time":"20221002160141","score_breakdown":["Floors Climbed (57): 285","Enemies Slain (15): 30","Exordium Elites Killed (2): 20","City Elites Killed (2): 40","Beyond Elites Killed (0): 0","Bosses Slain (5): 750","Light Speed: 50","Champion (3): 75","Beyond Perfect: 200","C-c-c-combo: 25","Ascension (20): 1425","Heartbreaker: 250"],"is_ascension_mode":true,"potions_obtained_alchemize":[[],[],[],[],[],[],[],[],[],[],[],[],[],[],[],[],[],[],[],[],[],[],[],[],[],[],[],[],[],[],[],[],[],[],[],[],[],[],[],[],[],[],[],[],[],[],[],[],[],[],[],[],[],[],[],[],[]],"campfire_choices":[{"floor":6,"key":"REST"},{"data":"EmptyFist","floor":8,"key":"SMITH"},{"data":"WheelKick","floor":11,"key":"SMITH"},{"data":"EmptyMind","floor":15,"key":"SMITH"},{"data":"Prostrate","floor":23,"key":"SMITH"},{"data":"Scrawl","floor":29,"key":"SMITH"},{"data":"Vigilance","floor":32,"key":"SMITH"},{"floor":40,"key":"RECALL"},{"data":"MentalFortress","floor":44,"key":"SMITH"},{"data":"Adaptation","floor":49,"key":"SMITH"},{"data":"Tantrum","floor":53,"key":"SMITH"}],"lesson_learned_per_floor":[[],[],[],[],[],[],[],[],[],[],[],[],[],[],[],[],[],[],[],[],[],[],[],[],[],[],[],[],[],[],[],[],[],[],[],[],[],[],[],[],[],[],[],[],[],[],[],[],[],[],[],[],[],[],[],[],[]],"neow_cost":"PERCENT_DAMAGE","improvable_cards":{},"seed_source_timestamp":5187356035085,"shop_contents":[{"floor":5,"relics":["Orichalcum","White Beast Statue","Cauldron"],"cards":["ReachHeaven","CrushJoints","Crescendo","WaveOfTheHand","Fasting2","Panacea","Thinking Ahead"],"potions":["Regen Potion","SpeedPotion","Weak Potion"]},{"floor":21,"relics":["Yang","FossilizedHelix"],"cards":["SandsOfTime","Conclude","ClearTheMind","WreathOfFlame","Fasting2","Flash of Steel","Chrysalis"],"potions":["BottledMiracle","ColorlessPotion","BlessingOfTheForge"]},{"floor":27,"relics":["Happy Flower","Pear","OrangePellets"],"cards":["FlurryOfBlows","CrushJoints","EmptyBody","Sanctity","MasterReality","Deep Breath","Transmutation"],"potions":["StancePotion","LiquidBronze","ColorlessPotion"]},{"floor":36,"relics":["Lantern","Mango"],"cards":["CrushJoints","Wallop","WaveOfTheHand","Pray","BattleHymn","Finesse","Panache"],"potions":["SpeedPotion","Block Potion","StancePotion"]},{"floor":47,"relics":["Pen Nib","GoldenEye"],"cards":["CrushJoints","Consecrate","Swivel","Protect","Nirvana","Flash of Steel","Mayhem"],"potions":["FairyPotion","EssenceOfSteel","SneckoOil"]},{"floor":54,"relics":["Ice Cream","Whetstone","Melange"],"cards":["LessonLearned","CutThroughFate","InnerPeace","ClearTheMind","Adaptation","Enlightenment","Sadistic Nature"],"potions":["PowerPotion","CultistPotion","LiquidMemories"]}],"circlet_count":0,"master_deck":["AscendersBane","Vigilance+1","WheelKick+1","Tantrum+1","InnerPeace+1","EmptyMind+1","Scrawl+1","Adaptation+1","Wallop+1","MentalFortress+1","Adaptation+1"],"potion_use_per_floor":[[],[],[],[],[],[],[],[],[],["ColorlessPotion"],[],[],[],[],[],[],[],[],[],[],[],[],[],[],[],[],[],[],[],[],[],[],[],[],[],[],[],[],[],[],[],[],[],[],[],[],[],[],[],[],[],[],[],[],[],["DuplicationPotion"],[]],"relics":["PureWater","Eternal Feather","HornCleat","Matryoshka","VioletLotus","Membership Card","Bottled Lightning","MealTicket","Question Card","Empty Cage","Medical Kit","Bag of Marbles","Juzu Bracelet","TheAbacus","Oddly Smooth Stone"],"potions_floor_usage":[10,56],"damage_taken":[{"damage":0,"enemies":"Jaw Worm","floor":1,"turns":4},{"damage":0,"enemies":"2 Louse","floor":2,"turns":2},{"damage":0,"enemies":"Cultist","floor":7,"turns":2},{"damage":3,"enemies":"Exordium Thugs","floor":10,"turns":3},{"damage":10,"enemies":"3 Sentries","floor":12,"turns":3},{"damage":1,"enemies":"Lagavulin","floor":14,"turns":3},{"damage":0,"enemies":"Slime Boss","floor":16,"turns":7},{"damage":0,"enemies":"Chosen","floor":18,"turns":2},{"damage":6,"enemies":"2 Thieves","floor":19,"turns":2},{"damage":0,"enemies":"Snecko","floor":24,"turns":2},{"damage":0,"enemies":"Snake Plant","floor":25,"turns":2},{"damage":0,"enemies":"Book of Stabbing","floor":28,"turns":1},{"damage":0,"enemies":"Gremlin Leader","floor":30,"turns":1},{"damage":0,"enemies":"3 Cultists","floor":31,"turns":1},{"damage":0,"enemies":"Collector","floor":33,"turns":1},{"damage":0,"enemies":"3 Shapes","floor":35,"turns":1},{"damage":0,"enemies":"Orb Walker","floor":37,"turns":1},{"damage":0,"enemies":"Spire Growth","floor":38,"turns":1},{"damage":0,"enemies":"3 Darklings","floor":41,"turns":1},{"damage":0,"enemies":"Writhing Mass","floor":42,"turns":1},{"damage":0,"enemies":"Mind Bloom Boss Battle","floor":45,"turns":1},{"damage":0,"enemies":"Spire Growth","floor":48,"turns":1},{"damage":0,"enemies":"Time Eater","floor":50,"turns":7},{"damage":0,"enemies":"Awakened One","floor":51,"turns":2},{"damage":0,"enemies":"Shield and Spear","floor":55,"turns":1},{"damage":6,"enemies":"The Heart","floor":56,"turns":4}],"green_key_taken_log":30,"seed_played":"-416759745620314249","neow_bonus_log":{"cardsObtained":[],"cardsUpgraded":[],"cardsRemoved":["Defend_P","Defend_P"],"cardsTransformed":[],"relicsObtained":[],"maxHpGained":0,"goldGained":0,"damageTaken":18,"goldLost":0,"maxHpLost":0},"potions_obtained":[{"floor":1,"key":"SteroidPotion"},{"floor":7,"key":"ColorlessPotion"},{"floor":16,"key":"DuplicationPotion"},{"floor":28,"key":"GamblersBrew"}],"is_trial":false,"path_per_floor":["M","M","?","?","$","R","M","R","T","M","R","E","?","E","R","B",null,"M","M","?","$","?","R","M","M","T","$","E","R","E","M","R","B",null,"M","$","M","M","?","R","M","M","T","R","?","?","$","M","R","B","B",null,"R","$","E","B",null],"character_chosen":"WATCHER","items_purchased":["Membership Card","Medical Kit","TheAbacus"],"campfire_rested":1,"item_purchase_floors":[21,36,47],"current_hp_per_floor":[43,43,36,16,16,36,36,36,36,33,39,29,29,28,34,34,60,60,54,54,54,54,60,60,60,60,60,60,66,66,66,68,68,68,68,68,68,68,68,68,68,68,68,68,68,58,68,68,68,68,68,68,68,68,68,62],"gold":75,"neow_bonus":"REMOVE_TWO","is_prod":false,"is_daily":false,"rewards_skipped":[{"floor":25,"relics":[],"potions":["PowerPotion"]},{"floor":30,"relics":[],"potions":["FearPotion"]},{"floor":41,"relics":[],"potions":["FairyPotion"]},{"floor":45,"relics":["Dead Branch"],"potions":["ColorlessPotion"]}],"chose_seed":false,"campfire_upgraded":9,"win_rate":0,"floor_exit_playtime":[70,88,94,109,124,131,151,158,160,228,236,308,313,350,355,457,481,534,594,600,644,651,669,693,776,790,856,959,966,1029,1094,1103,1206,1283,1355,1389,1413,1482,1488,1491,1539,1593,1596,1602,1662,1693,1753,1782,1788,1938,2033,2044,2049,2059,2126,2295],"timestamp":1664740901,"blue_key_relic_skipped_log":{"floor":26,"relicID":"Letter Opener"},"path_taken":["M","M","?","?","$","R","M","R","T","M","R","E","?","E","R","BOSS","M","M","?","$","?","R","M","M","T","$","E","R","E","M","R","BOSS","M","$","M","M","?","R","M","?","T","R","?","?","$","M","R","BOSS","BOSS","R","$","E","BOSS"],"build_version":"2022-03-07","purchased_purges":5,"victory":true,"max_hp_per_floor":[68,68,68,68,68,68,68,68,68,68,68,68,68,68,68,68,68,68,68,68,68,68,68,68,68,68,68,68,68,68,68,68,68,68,68,68,68,68,68,68,68,68,68,68,68,68,68,68,68,68,68,68,68,68,68,68],"relic_stats":{"counters":[26,57],"Eternal Feather":26,"Juzu Bracelet":0,"Question Card":13,"Medical Kit":[4],"Matryoshka":2,"TheAbacus":[906],"MealTicket":10,"VioletLotus":[210],"Membership Card":442,"Bottled Lightning":"Scrawl","PureWater":[23],"obtain_stats":[{"Oddly Smooth Stone":55,"Eternal Feather":9,"Juzu Bracelet":43,"Question Card":30,"Empty Cage":34,"Medical Kit":36,"HornCleat":12,"Matryoshka":14,"TheAbacus":47,"MealTicket":28,"VioletLotus":17,"Bag of Marbles":43,"Membership Card":21,"Bottled Lightning":26,"PureWater":0},{"Oddly Smooth Stone":25,"Eternal Feather":3,"Juzu Bracelet":20,"Question Card":13,"Empty Cage":15,"Medical Kit":16,"HornCleat":5,"Matryoshka":6,"TheAbacus":21,"MealTicket":12,"VioletLotus":7,"Bag of Marbles":20,"Membership Card":9,"Bottled Lightning":11,"PureWater":0},{"Oddly Smooth Stone":53,"Eternal Feather":8,"Juzu Bracelet":41,"Question Card":34,"Empty Cage":36,"Medical Kit":37,"HornCleat":14,"Matryoshka":17,"TheAbacus":42,"MealTicket":33,"VioletLotus":24,"Bag of Marbles":41,"Membership Card":28,"Bottled Lightning":32,"PureWater":0}]},"card_choices":[{"not_picked":["FollowUp","ClearTheMind"],"picked":"WheelKick","floor":1},{"not_picked":["Sanctity","DeusExMachina"],"picked":"EmptyFist","floor":2},{"not_picked":["EmptyFist","SashWhip","EmptyBody"],"picked":"SKIP","floor":7},{"not_picked":["WindmillStrike","EmptyFist"],"picked":"Tantrum","floor":10},{"not_picked":["Wallop","FlyingSleeves"],"picked":"InnerPeace","floor":12},{"not_picked":["Prostrate","Protect"],"picked":"EmptyMind","floor":14},{"not_picked":["MasterReality","Alpha"],"picked":"Scrawl","floor":16},{"not_picked":["Evaluate","Nirvana"],"picked":"Prostrate","floor":18},{"not_picked":["Pray","FearNoEvil","CarveReality"],"picked":"SKIP","floor":19},{"not_picked":["Vengeance+1","WheelKick+1"],"picked":"Adaptation+1","floor":24},{"not_picked":["Protect","EmptyBody+1","ThirdEye"],"picked":"SKIP","floor":25},{"not_picked":["LessonLearned","Perseverance","CrushJoints"],"picked":"SKIP","floor":28},{"not_picked":["InnerPeace","Prostrate+1","Consecrate"],"picked":"SKIP","floor":30},{"not_picked":["FearNoEvil","Consecrate","ClearTheMind","EmptyBody"],"picked":"SKIP","floor":31},{"not_picked":["JustLucky","WheelKick+1","EmptyBody"],"picked":"Wallop+1","floor":35},{"not_picked":["Evaluate","CutThroughFate","Wallop","Wireheading"],"picked":"SKIP","floor":37},{"not_picked":["Study","Halt","Weave","FollowUp"],"picked":"SKIP","floor":38},{"not_picked":["PathToVictory","Crescendo+1","ThirdEye","SignatureMove"],"picked":"SKIP","floor":41},{"not_picked":["CarveReality","ThirdEye","Swivel"],"picked":"MentalFortress","floor":42},{"not_picked":["BattleHymn","ConjureBlade","FlyingSleeves","BowlingBash"],"picked":"SKIP","floor":45},{"not_picked":["Dramatic Entrance","Secret Technique","HandOfGreed","Madness"],"picked":"SKIP","floor":46},{"not_picked":["Bandage Up","Deep Breath","Forethought","Dramatic Entrance"],"picked":"SKIP","floor":46},{"not_picked":["Jack Of All Trades","Mayhem","Secret Technique","Transmutation"],"picked":"SKIP","floor":46},{"not_picked":["ThirdEye","Fasting2","Crescendo"],"picked":"Adaptation","floor":48},{"not_picked":["FollowUp+1","Adaptation","Swivel","EmptyBody"],"picked":"SKIP","floor":55}],"player_experience":4046263,"relics_obtained":[{"floor":9,"key":"Eternal Feather"},{"floor":12,"key":"HornCleat"},{"floor":14,"key":"Matryoshka"},{"floor":26,"key":"Bottled Lightning"},{"floor":28,"key":"MealTicket"},{"floor":30,"key":"Question Card"},{"floor":43,"key":"Bag of Marbles"},{"floor":43,"key":"Juzu Bracelet"},{"floor":55,"key":"Oddly Smooth Stone"}],"event_choices":[{"cards_removed":["Defend_P"],"damage_healed":0,"gold_gain":0,"player_choice":"Card Removal","damage_taken":7,"max_hp_gain":0,"max_hp_loss":0,"event_name":"Golden Wing","floor":3,"gold_loss":0},{"damage_healed":0,"gold_gain":0,"player_choice":"Entered Light","damage_taken":20,"max_hp_gain":0,"max_hp_loss":0,"event_name":"Shining Light","floor":4,"gold_loss":0,"cards_upgraded":["Eruption","Strike_P"]},{"damage_healed":0,"gold_gain":50,"player_choice":"Pray","damage_taken":0,"max_hp_gain":0,"max_hp_loss":0,"event_name":"Golden Shrine","floor":13,"gold_loss":0},{"cards_removed":["Strike_P"],"damage_healed":0,"gold_gain":0,"player_choice":"Purged","damage_taken":0,"max_hp_gain":0,"max_hp_loss":0,"event_name":"Purifier","floor":20,"gold_loss":0},{"damage_healed":0,"gold_gain":0,"player_choice":"Ignored","damage_taken":0,"max_hp_gain":0,"max_hp_loss":0,"event_name":"Vampires","floor":22,"gold_loss":0},{"damage_healed":0,"gold_gain":0,"player_choice":"Upgraded","damage_taken":0,"max_hp_gain":0,"max_hp_loss":0,"event_name":"Upgrade Shrine","floor":39,"gold_loss":0,"cards_upgraded":["InnerPeace"]},{"damage_healed":0,"gold_gain":0,"player_choice":"Fight","damage_taken":0,"max_hp_gain":0,"max_hp_loss":0,"event_name":"MindBloom","floor":45,"gold_loss":0},{"damage_healed":0,"gold_gain":0,"player_choice":"Memory 3","damage_taken":10,"max_hp_gain":0,"max_hp_loss":0,"event_name":"SensoryStone","floor":46,"gold_loss":0}],"is_beta":false,"boss_relics":[{"not_picked":["Calling Bell","Snecko Eye"],"picked":"VioletLotus"},{"not_picked":["Runic Pyramid","Sozu"],"picked":"Empty Cage"}],"items_purged_floors":[5,21,27,36,47],"is_endless":false,"potions_floor_spawned":[1,7,16,25,28,30,41,45],"ascension_level":20,"potion_discard_per_floor":[[],[],[],[],[],[],[],[],[],[],[],[],[],[],[],[],[],[],[],[],[],[],[],[],[],[],[],["SteroidPotion"],[],[],[],[],[],[],[],[],[],[],[],[],[],[],[],[],[],[],[],[],[],[],[],[],[],[],[],[],[]]}