{"neow_bonuses_skipped_log":["THREE_SMALL_POTIONS","ONE_RARE_RELIC","BOSS_RELIC"],"neow_costs_skipped_log":["NONE","NO_GOLD","NONE"],"potions_obtained_entropic_brew":[[],[],[],[],[],[],[],[],[],[],[],[],[],[],[],[],[],[],[],[],[],[],[],[],[],[],[],[],[],[],[],[],[],[],[],[],[],[],[],[],[],[],[],[],[],[],[],[],[],[],[],[],[],[],[],[],[]],"gold_per_floor":[111,186,186,198,67,99,99,133,133,133,146,178,78,93,93,169,169,181,193,193,114,124,150,150,180,205,205,218,233,108,141,141,217,217,234,252,102,102,114,149,149,165,246,259,292,309,323,109,109,109,109,109,109,28,62,62],"floor_reached":57,"playtime":3467,"items_purged":["Defend_P","Defend_P","Strike_P","EmptyBody","Strike_P"],"score":3609,"play_id":"f391468f-ce5e-4d7f-923e-6a94dbc93a94","local_time":"20221021195644","falling_options_log":["Eruption+1","Vault"],"score_breakdown":["Floors Climbed (57): 285","Enemies Slain (16): 32","Exordium Elites Killed (3): 30","City Elites Killed (3): 60","Beyond Elites Killed (2): 60","Bosses Slain (5): 750","Speedster: 25","Champion (8): 200","Beyond Perfect: 200","Overkill: 25","C-c-c-combo: 25","Ascension (20): 1667","Heartbreaker: 250"],"is_ascension_mode":true,"potions_obtained_alchemize":[[],[],[],[],[],[],[],[],[],[],[],[],[],[],[],[],[],[],[],[],[],[],[],[],[],[],[],[],[],[],[],[],[],[],[],[],[],[],[],[],[],[],[],[],[],[],[],[],[],[],[],[],[],[],[],[],[]],"campfire_choices":[{"data":"EmptyFist","floor":7,"key":"SMITH"},{"data":"Consecrate","floor":10,"key":"SMITH"},{"data":"Scrawl","floor":15,"key":"SMITH"},{"data":"Adaptation","floor":24,"key":"SMITH"},{"data":"Adaptation","floor":32,"key":"SMITH"},{"floor":49,"key":"RECALL"},{"data":"Vault","floor":53,"key":"SMITH"}],"lesson_learned_per_floor":[[],[],[],[],[],[],[],[],[],[],[],[],[],[],[],[],[],[],[],[],[],[],[],[],[],[],[],[],[],[],[],[],[],[],[],[],[],[],[],[],[],[],[],[],[],[],[],[],[],[],[],[],[],[],[],[],[]],"neow_cost":"NONE","improvable_cards":{},"seed_source_timestamp":188555621938,"shop_contents":[{"floor":5,"relics":["Shovel","Centennial Puzzle","DollysMirror"],"cards":["SignatureMove","FlyingSleeves","PathToVictory","Worship","Nirvana","Trip","Metamorphosis"],"potions":["PowerPotion","Energy Potion"]},{"floor":13,"relics":["Art of War","Nunchaku","Chemical X"],"cards":["Brilliance","BowlingBash","Judgement","Pray","Devotion","Flash of Steel","HandOfGreed"],"potions":["Strength Potion","LiquidBronze","Fire Potion"]},{"floor":21,"relics":["Toy Ornithopter","Tiny Chest","HandDrill"],"cards":["Tantrum","ReachHeaven","EmptyBody","Meditate","PanicButton","Panache"],"potions":["Block Potion","Weak Potion","LiquidBronze"]},{"floor":30,"relics":["Prayer Wheel","Darkstone Periapt","Toolbox"],"cards":["FlyingSleeves","CrushJoints","WreathOfFlame","Evaluate","Study","Discovery","Sadistic Nature"],"potions":["BottledMiracle","Weak Potion","Swift Potion"]},{"floor":37,"relics":["Mercury Hourglass","PreservedInsect","Frozen Eye"],"cards":["BowlingBash","FollowUp","Crescendo","ThirdEye","Fasting2","Panacea","Apotheosis"],"potions":["EntropicBrew","GamblersBrew","PowerPotion"]},{"floor":48,"relics":["CeramicFish","TeardropLocket","Membership Card"],"cards":["ReachHeaven","Conclude","SpiritShield","Protect","Mind Blast","Sadistic Nature"],"potions":["Ancient Potion","Strength Potion","ColorlessPotion"]},{"floor":54,"relics":["Orichalcum","Eternal Feather","ClockworkSouvenir"],"cards":["JustLucky","WindmillStrike","Protect","Perseverance","Study","Forethought","Violence"],"potions":["SkillPotion","EntropicBrew"]}],"circlet_count":0,"master_deck":["AscendersBane","Strike_P","Strike_P","Defend_P+1","Eruption+1","Vigilance+1","Consecrate+1","EmptyFist+1","Scrawl+1","Adaptation+1","Vault+1","Adaptation"],"potion_use_per_floor":[[],[],[],[],[],["BottledMiracle"],[],[],[],[],[],[],[],[],[],[],[],[],[],[],[],[],[],[],[],[],[],[],[],[],[],[],[],[],[],[],[],[],[],[],[],[],[],[],[],[],[],[],[],[],[],[],[],[],[],[],[]],"relics":["PureWater","FossilizedHelix","Mummified Hand","StrikeDummy","War Paint","VioletLotus","Torii","Boot","Bag of Marbles","Runic Pyramid","Kunai","InkBottle","Happy Flower","Damaru"],"potions_floor_usage":[6],"damage_taken":[{"damage":0,"enemies":"2 Louse","floor":1,"turns":3},{"damage":0,"enemies":"Cultist","floor":4,"turns":3},{"damage":27,"enemies":"3 Sentries","floor":6,"turns":6},{"damage":0,"enemies":"Lagavulin","floor":8,"turns":5},{"damage":0,"enemies":"Jaw Worm","floor":11,"turns":2},{"damage":0,"enemies":"Gremlin Nob","floor":12,"turns":2},{"damage":0,"enemies":"3 Louse","floor":14,"turns":2},{"damage":0,"enemies":"Hexaghost","floor":16,"turns":5},{"damage":0,"enemies":"Spheric Guardian","floor":18,"turns":1},{"damage":0,"enemies":"2 Thieves","floor":19,"turns":1},{"damage":0,"enemies":"Centurion and Healer","floor":22,"turns":2},{"damage":0,"enemies":"Gremlin Leader","floor":23,"turns":3},{"damage":0,"enemies":"Slavers","floor":25,"turns":2},{"damage":0,"enemies":"Shelled Parasite and Fungi","floor":28,"turns":2},{"damage":0,"enemies":"Snecko","floor":29,"turns":2},{"damage":0,"enemies":"Book of Stabbing","floor":31,"turns":1},{"damage":0,"enemies":"Automaton","floor":33,"turns":1},{"damage":0,"enemies":"Orb Walker","floor":35,"turns":2},{"damage":0,"enemies":"3 Shapes","floor":36,"turns":4},{"damage":0,"enemies":"3 Darklings","floor":39,"turns":1},{"damage":0,"enemies":"Giant Head","floor":40,"turns":1},{"damage":0,"enemies":"Maw","floor":42,"turns":3},{"damage":0,"enemies":"4 Shapes","floor":44,"turns":2},{"damage":0,"enemies":"Reptomancer","floor":45,"turns":2},{"damage":0,"enemies":"Transient","floor":46,"turns":7},{"damage":0,"enemies":"3 Darklings","floor":47,"turns":4},{"damage":0,"enemies":"Awakened One","floor":50,"turns":3},{"damage":0,"enemies":"Donu and Deca","floor":51,"turns":6},{"damage":0,"enemies":"Shield and Spear","floor":55,"turns":2},{"damage":12,"enemies":"The Heart","floor":56,"turns":7}],"green_key_taken_log":45,"seed_played":"-2117678592461739006","neow_bonus_log":{"cardsObtained":[],"cardsUpgraded":["Eruption"],"cardsRemoved":[],"cardsTransformed":[],"relicsObtained":[],"maxHpGained":0,"goldGained":0,"damageTaken":0,"goldLost":0,"maxHpLost":0},"potions_obtained":[{"floor":4,"key":"Ancient Potion"},{"floor":6,"key":"BlessingOfTheForge"},{"floor":14,"key":"Swift Potion"},{"floor":16,"key":"Explosive Potion"},{"floor":28,"key":"BottledMiracle"},{"floor":39,"key":"LiquidMemories"}],"is_trial":false,"path_per_floor":["M","?","?","M","$","E","R","E","T","R","M","E","$","M","R","B",null,"M","M","?","$","M","E","R","E","T","?","M","M","$","E","R","B",null,"M","M","$","?","M","E","?","M","T","M","E","M","M","$","R","B","B",null,"R","$","E","B",null],"character_chosen":"WATCHER","items_purchased":["BottledMiracle","Adaptation","Adaptation","GamblersBrew"],"campfire_rested":0,"item_purchase_floors":[5,21,48,54],"current_hp_per_floor":[61,50,50,50,50,23,23,23,23,23,23,23,23,23,23,23,57,57,57,57,57,57,57,57,57,57,57,57,57,57,57,57,57,65,65,65,65,65,65,65,65,65,65,65,65,65,65,65,65,65,65,65,65,65,65,53],"gold":62,"neow_bonus":"UPGRADE_CARD","is_prod":false,"is_daily":false,"rewards_skipped":[{"floor":19,"relics":[],"potions":["SpeedPotion"]},{"floor":22,"relics":[],"potions":["Block Potion"]},{"floor":23,"relics":[],"potions":["ColorlessPotion"]},{"floor":25,"relics":[],"potions":["SpeedPotion"]},{"floor":42,"relics":[],"potions":["SkillPotion"]},{"floor":45,"relics":[],"potions":["Strength Potion"]}],"chose_seed":false,"campfire_upgraded":6,"win_rate":0,"floor_exit_playtime":[110,115,133,198,344,718,723,786,791,817,861,895,918,996,1002,1094,1237,1260,1290,1317,1345,1464,1532,1539,1622,1625,1632,1720,1783,1797,1852,1859,1933,1978,2018,2105,2121,2125,2151,2188,2217,2286,2297,2340,2439,2546,2632,2704,2707,2888,3120,3130,3138,3171,3237,3467],"timestamp":1666396604,"blue_key_relic_skipped_log":{"floor":26,"relicID":"Oddly Smooth Stone"},"path_taken":["M","?","?","?","$","E","R","E","T","R","M","E","$","M","R","BOSS","M","M","?","$","?","E","R","E","T","?","M","M","$","E","R","BOSS","M","M","$","?","M","E","?","M","T","M","E","M","M","$","R","BOSS","BOSS","R","$","E","BOSS"],"build_version":"2022-10-04","purchased_purges":5,"victory":true,"max_hp_per_floor":[68,68,68,68,68,68,68,68,68,68,68,68,68,68,68,68,68,68,68,68,68,68,68,68,68,68,68,68,68,68,68,68,68,68,68,68,68,65,65,65,65,65,65,65,65,65,65,65,65,65,65,65,65,65,65,65],"relic_stats":{"Torii":0,"Happy Flower":[9],"counters":[30,87],"Mummified Hand":[40],"VioletLotus":[182],"Kunai":[73],"PureWater":[25],"War Paint":["Vigilance","Defend_P"],"Boot":[0],"obtain_stats":[{"Torii":23,"Happy Flower":45,"Damaru":55,"War Paint":12,"Boot":25,"Mummified Hand":8,"VioletLotus":17,"Bag of Marbles":31,"Kunai":40,"PureWater":0,"StrikeDummy":9,"FossilizedHelix":6,"InkBottle":43,"Runic Pyramid":34},{"Torii":12,"Happy Flower":24,"Damaru":29,"War Paint":6,"Boot":13,"Mummified Hand":4,"VioletLotus":8,"Bag of Marbles":16,"Kunai":21,"PureWater":0,"StrikeDummy":4,"FossilizedHelix":3,"InkBottle":22,"Runic Pyramid":17},{"Torii":35,"Happy Flower":58,"Damaru":80,"War Paint":21,"Boot":37,"Mummified Hand":17,"VioletLotus":28,"Bag of Marbles":42,"Kunai":51,"PureWater":0,"StrikeDummy":17,"FossilizedHelix":12,"InkBottle":54,"Runic Pyramid":43}],"FossilizedHelix":[195],"InkBottle":[22]},"card_choices":[{"not_picked":["SashWhip","Evaluate"],"picked":"Consecrate","floor":1},{"not_picked":["CarveReality","FollowUp"],"picked":"EmptyFist","floor":4},{"not_picked":["SignatureMove","CrushJoints","Weave"],"picked":"SKIP","floor":6},{"not_picked":["SignatureMove","CrushJoints","Weave"],"picked":"SKIP","floor":6},{"not_picked":["WaveOfTheHand","Perseverance","ForeignInfluence"],"picked":"SKIP","floor":8},{"not_picked":["CutThroughFate","Consecrate","WindmillStrike"],"picked":"SKIP","floor":11},{"not_picked":["CutThroughFate","Consecrate","WindmillStrike"],"picked":"SKIP","floor":11},{"not_picked":["FlyingSleeves","Evaluate","JustLucky"],"picked":"SKIP","floor":12},{"not_picked":["PathToVictory","MentalFortress"],"picked":"Scrawl","floor":14},{"not_picked":["EmptyBody","DeceiveReality","ClearTheMind+1"],"picked":"SKIP","floor":18},{"not_picked":["Weave","Crescendo","ForeignInfluence"],"picked":"SKIP","floor":19},{"not_picked":["InnerPeace","FollowUp+1","Protect+1"],"picked":"SKIP","floor":22},{"not_picked":["Evaluate","Study"],"picked":"Adaptation","floor":23},{"not_picked":["Consecrate","Crescendo","WreathOfFlame"],"picked":"SKIP","floor":25},{"not_picked":["Consecrate","Crescendo","WreathOfFlame"],"picked":"SKIP","floor":25},{"not_picked":["FollowUp","SashWhip","MentalFortress"],"picked":"SKIP","floor":28},{"not_picked":["FollowUp","SashWhip","MentalFortress"],"picked":"SKIP","floor":28},{"not_picked":["Vengeance","Establishment","Halt"],"picked":"SKIP","floor":29},{"not_picked":["Pray","Sanctity+1","Collect"],"picked":"SKIP","floor":31},{"not_picked":["Pray","Sanctity+1","Collect"],"picked":"SKIP","floor":31},{"not_picked":["Establishment","DeusExMachina"],"picked":"Vault","floor":33},{"not_picked":["Adaptation+1","Protect","BowlingBash"],"picked":"SKIP","floor":35},{"not_picked":["BowlingBash+1","WaveOfTheHand","FearNoEvil+1"],"picked":"SKIP","floor":36},{"not_picked":["JustLucky","BowlingBash","FlurryOfBlows"],"picked":"SKIP","floor":39},{"not_picked":["ThirdEye","Wireheading","CarveReality"],"picked":"SKIP","floor":40},{"not_picked":["TalkToTheHand","Study","SandsOfTime"],"picked":"SKIP","floor":42},{"not_picked":["Evaluate","Crescendo","Consecrate+1"],"picked":"SKIP","floor":44},{"not_picked":["Wish","FlurryOfBlows","Wireheading"],"picked":"SKIP","floor":45},{"not_picked":["SashWhip","FlurryOfBlows+1","BowlingBash"],"picked":"SKIP","floor":46},{"not_picked":["Fasting2","Consecrate","Crescendo+1"],"picked":"SKIP","floor":47},{"not_picked":["FlyingSleeves","Evaluate","Prostrate"],"picked":"SKIP","floor":55}],"player_experience":4264059,"relics_obtained":[{"floor":6,"key":"FossilizedHelix"},{"floor":8,"key":"Mummified Hand"},{"floor":9,"key":"StrikeDummy"},{"floor":12,"key":"War Paint"},{"floor":23,"key":"Torii"},{"floor":25,"key":"Boot"},{"floor":31,"key":"Bag of Marbles"},{"floor":40,"key":"Kunai"},{"floor":43,"key":"InkBottle"},{"floor":45,"key":"Happy Flower"},{"floor":55,"key":"Damaru"}],"event_choices":[{"damage_healed":0,"gold_gain":75,"player_choice":"Gather Gold","damage_taken":11,"max_hp_gain":0,"max_hp_loss":0,"event_name":"World of Goop","floor":2,"gold_loss":0},{"damage_healed":0,"gold_gain":0,"cards_transformed":["Defend_P"],"player_choice":"Transformed","damage_taken":0,"max_hp_gain":0,"max_hp_loss":0,"event_name":"Transmorgrifier","floor":3,"gold_loss":0,"cards_obtained":["SandsOfTime"]},{"damage_healed":0,"gold_gain":0,"cards_transformed":["SandsOfTime"],"player_choice":"Transformed","damage_taken":0,"max_hp_gain":0,"max_hp_loss":0,"event_name":"Transmorgrifier","floor":20,"gold_loss":0,"cards_obtained":["EmptyBody"]},{"damage_healed":0,"gold_gain":0,"player_choice":"Ignored","damage_taken":0,"max_hp_gain":0,"max_hp_loss":0,"event_name":"Vampires","floor":27,"gold_loss":0},{"damage_healed":0,"gold_gain":0,"player_choice":"Max HP","damage_taken":0,"max_hp_gain":0,"max_hp_loss":3,"event_name":"Winding Halls","floor":38,"gold_loss":0},{"cards_removed":["Adaptation"],"damage_healed":0,"gold_gain":0,"player_choice":"Removed Power","damage_taken":0,"max_hp_gain":0,"max_hp_loss":0,"event_name":"Falling","floor":41,"gold_loss":0}],"is_beta":false,"boss_relics":[{"not_picked":["Empty Cage","Astrolabe"],"picked":"VioletLotus"},{"not_picked":["Pandora\u0027s Box","Fusion Hammer"],"picked":"Runic Pyramid"}],"items_purged_floors":[5,13,30,37,48],"is_endless":false,"potions_floor_spawned":[4,6,14,16,19,22,23,25,28,39,42,45],"ascension_level":20,"potion_discard_per_floor":[[],[],[],[],[],[],[],[],[],[],[],[],[],["Ancient Potion"],[],["BlessingOfTheForge"],[],[],[],[],[],[],[],[],[],[],[],["Explosive Potion"],[],[],[],[],[],[],[],[],[],[],["BottledMiracle"],[],[],[],[],[],[],[],[],[],[],[],[],[],[],["LiquidMemories"],[],[],[]]}