{"neow_bonuses_skipped_log":["TEN_PERCENT_HP_BONUS","REMOVE_TWO","BOSS_RELIC"],"potions_obtained_entropic_brew":[[],[],[],[],[],[],[],[],[],[]],"neow_costs_skipped_log":["NONE","NO_GOLD","NONE"],"gold_per_floor":[118,118,118,136,4,4,35,55,55,55],"floor_reached":10,"playtime":545,"items_purged":["Defend_P"],"score":132,"play_id":"fd30104c-edce-40dc-b9b3-2455ebd1d380","local_time":"20221106190720","score_breakdown":["Floors Climbed (10): 50","Enemies Slain (3): 6","Exordium Elites Killed (1): 10","Bosses Slain (0): 0","Ascension (20): 66"],"is_ascension_mode":true,"potions_obtained_alchemize":[[],[],[],[],[],[],[],[],[],[]],"campfire_choices":[],"lesson_learned_per_floor":[[],[],[],[],[],[],[],[],[],[]],"neow_cost":"NONE","improvable_cards":{},"seed_source_timestamp":25390574398375,"shop_contents":[{"floor":5,"relics":["Lantern","Bottled Flame","Orrery"],"cards":["CrushJoints","Meditate","WaveOfTheHand","Nirvana","Enlightenment","Master of Strategy"],"potions":["BottledMiracle","AttackPotion","AttackPotion"]}],"circlet_count":0,"master_deck":["AscendersBane","Strike_P","Strike_P","Strike_P","Strike_P+1","Defend_P+1","Defend_P","Eruption","Vigilance","DevaForm","EmptyFist","Tantrum","FlurryOfBlows"],"potion_use_per_floor":[[],[],[],[],[],[],["BottledMiracle"],[],[],[]],"relics":["PureWater","Golden Idol","Toxic Egg 2"],"potions_floor_usage":[7],"damage_taken":[{"damage":2,"enemies":"Small Slimes","floor":1,"turns":3},{"damage":2,"enemies":"Jaw Worm","floor":4,"turns":4},{"damage":22,"enemies":"3 Sentries","floor":7,"turns":4},{"damage":0,"enemies":"Cultist","floor":8,"turns":2},{"damage":18,"enemies":"The Mushroom Lair","floor":10,"turns":1}],"green_key_taken_log":7,"seed_played":"1925922925917728913","neow_bonus_log":{"cardsObtained":["DevaForm"],"cardsUpgraded":[],"cardsRemoved":[],"cardsTransformed":["Defend_P"],"relicsObtained":[],"maxHpGained":0,"goldGained":0,"damageTaken":0,"goldLost":0,"maxHpLost":0},"potions_obtained":[{"floor":1,"key":"BottledMiracle"}],"is_trial":false,"path_per_floor":["M","?","?","M","$","?","E","M","T","?"],"character_chosen":"WATCHER","items_purchased":["FlurryOfBlows"],"campfire_rested":0,"item_purchase_floors":[5],"current_hp_per_floor":[59,64,42,40,40,40,18,18,18,0],"gold":55,"neow_bonus":"TRANSFORM_CARD","is_prod":false,"is_daily":false,"rewards_skipped":[{"floor":7,"relics":["Bottled Tornado"],"potions":[]}],"chose_seed":false,"campfire_upgraded":0,"win_rate":0,"floor_exit_playtime":[181,198,203,233,279,282,435,453,512],"timestamp":1667779640,"path_taken":["M","?","?","M","$","?","E","M","T","?"],"build_version":"2022-10-04","purchased_purges":1,"victory":false,"max_hp_per_floor":[68,73,73,73,73,66,66,66,66,66],"relic_stats":{"counters":[5,14],"Golden Idol":16,"PureWater":[1],"obtain_stats":[{"Golden Idol":6,"PureWater":0,"Toxic Egg 2":9},{"Golden Idol":2,"PureWater":0,"Toxic Egg 2":4},{"Golden Idol":7,"PureWater":0,"Toxic Egg 2":13}]},"card_choices":[{"not_picked":["WaveOfTheHand","Evaluate"],"picked":"EmptyFist","floor":1},{"not_picked":["Crescendo","EmptyBody"],"picked":"Tantrum","floor":4},{"not_picked":["ReachHeaven","Crescendo","Prostrate"],"picked":"SKIP","floor":7},{"not_picked":["ReachHeaven","Crescendo","Prostrate"],"picked":"SKIP","floor":7},{"not_picked":["CutThroughFate","Prostrate","ClearTheMind"],"picked":"SKIP","floor":8}],"player_experience":4369099,"relics_obtained":[{"floor":9,"key":"Toxic Egg 2"}],"event_choices":[{"damage_healed":0,"gold_gain":0,"player_choice":"Donut","damage_taken":0,"max_hp_gain":5,"max_hp_loss":0,"event_name":"Big Fish","floor":2,"gold_loss":0},{"damage_healed":0,"gold_gain":0,"player_choice":"Entered Light","damage_taken":22,"max_hp_gain":0,"max_hp_loss":0,"event_name":"Shining Light","floor":3,"gold_loss":0,"cards_upgraded":["Strike_P","Defend_P"]},{"damage_healed":0,"gold_gain":0,"player_choice":"Lose Max HP","damage_taken":0,"relics_obtained":["Golden Idol"],"max_hp_gain":0,"max_hp_loss":7,"event_name":"Golden Idol","floor":6,"gold_loss":0},{"damage_healed":0,"gold_gain":0,"player_choice":"Fought Mushrooms","damage_taken":0,"max_hp_gain":0,"max_hp_loss":0,"event_name":"Mushrooms","floor":10,"gold_loss":0}],"is_beta":false,"boss_relics":[],"items_purged_floors":[5],"is_endless":false,"potions_floor_spawned":[1],"killed_by":"The Mushroom Lair","ascension_level":20,"potion_discard_per_floor":[[],[],[],[],[],[],[],[],[],[]]}