{"neow_bonuses_skipped_log":["RANDOM_COLORLESS","THREE_SMALL_POTIONS","THREE_RARE_CARDS"],"potions_obtained_entropic_brew":[[],[],[],[],[],[],[],[],[],[],[],[],[],[],[],[],[],[],[],[],[],[],[],[],[],[],[],["SpeedPotion"],[],[],[],[],[],[],[],[],[],[],[],[],[],[],[],[],[],[],[],[],[],[],[],[],[],[],[],[]],"neow_costs_skipped_log":["NONE","NONE","NO_GOLD"],"gold_per_floor":[99,99,99,99,57,57,57,57,57,57,57,37,37,37,37,37,37,0,0,0,0,0,0,0,0,0,0,0,0,0,0,0,0,0,0,0,0,0,0,0,0,0,0,0,0,0,0,0,0,0,0,0,0,0,0,0],"floor_reached":56,"playtime":5202,"items_purged":[],"score":2230,"play_id":"38cf52e5-dd7d-42ca-92f9-f01be7b9cda9","local_time":"20221029203222","score_breakdown":["Floors Climbed (56): 280","Enemies Slain (15): 30","Exordium Elites Killed (2): 20","City Elites Killed (2): 40","Beyond Elites Killed (4): 120","Bosses Slain (4): 500","Champion (4): 100","Overkill: 25","Ascension (20): 1115"],"is_ascension_mode":true,"potions_obtained_alchemize":[[],[],[],[],[],[],[],[],[],[],[],[],[],[],[],[],[],[],[],[],[],[],[],[],[],[],[],[],[],[],[],[],[],[],[],[],[],[],[],[],[],[],[],[],[],[],[],[],[],[],[],[],[],[],[],[]],"campfire_choices":[{"data":"Eruption","floor":7,"key":"SMITH"},{"data":"Meditate","floor":13,"key":"SMITH"},{"floor":15,"key":"REST"},{"data":"CrushJoints","floor":25,"key":"SMITH"},{"floor":29,"key":"REST"},{"data":"Study","floor":32,"key":"SMITH"},{"floor":41,"key":"RECALL"},{"floor":49,"key":"REST"},{"floor":53,"key":"REST"}],"lesson_learned_per_floor":[[],[],[],[],[],[],[],["FlurryOfBlows"],[],[],["Sanctity"],["Defend_P"],[],[],[],["Defend_P"],[],["Blasphemy"],[],["JustLucky"],[],["Blasphemy"],[],["Vigilance"],[],[],["Crescendo"],["TalkToTheHand"],[],["SashWhip"],[],[],["Blasphemy"],[],["LessonLearned"],["WaveOfTheHand"],[],[],["Wish"],["Ragnarok"],[],["EmptyFist"],[],[],["Adaptation"],["Vault"],[],["EmptyMind"],[],[],["CarveReality"],[],[],[],[],[]],"neow_cost":"NONE","improvable_cards":{},"seed_source_timestamp":35164032251851,"shop_contents":[{"floor":5,"relics":["Toxic Egg 2","Bag of Marbles","DollysMirror"],"cards":["Weave","SandsOfTime","ForeignInfluence","EmptyMind","Enlightenment","HandOfGreed"],"potions":["GamblersBrew","Weak Potion","Energy Potion"]},{"floor":38,"relics":["Meat on the Bone","Dream Catcher","Toolbox"],"cards":["Ragnarok","CutThroughFate","WreathOfFlame","Halt","LikeWater","Impatience","Magnetism"],"potions":["Regen Potion","AttackPotion","Regen Potion"]},{"floor":44,"relics":["Pear","Strawberry","TheAbacus"],"cards":["Brilliance","CrushJoints","Prostrate","Halt","MentalFortress","Enlightenment","HandOfGreed"],"potions":["SneckoOil","Dexterity Potion","Energy Potion"]},{"floor":54,"relics":["Lantern","Mercury Hourglass","Membership Card"],"cards":["BowlingBash","EmptyFist","Evaluate","PathToVictory","Study","Jack Of All Trades","The Bomb"],"potions":["Swift Potion","LiquidBronze","DuplicationPotion"]}],"circlet_count":0,"master_deck":["AscendersBane","Eruption+1","Vigilance+1","CarveReality+1","Sanctity+1","FlurryOfBlows+1","Adaptation+1","LessonLearned+1","Crescendo+1","EmptyFist+1","Meditate+1","Blasphemy+1","Blasphemy+1","CrushJoints+1","Wish+1","JustLucky+1","Ragnarok+1","Blasphemy+1","CutThroughFate+1","Pray+1","Wireheading+1","WaveOfTheHand+1","TalkToTheHand+1","Study+1","Vault+1","TalkToTheHand","EmptyMind+1","FearNoEvil","InnerPeace+1","Meditate+1","Devotion"],"potion_use_per_floor":[[],[],[],[],[],[],[],[],[],[],[],[],[],[],[],["FearPotion","DuplicationPotion"],[],[],[],["BlessingOfTheForge"],[],[],[],[],[],[],[],["EntropicBrew"],[],["Block Potion"],[],[],[],[],[],[],[],[],["DuplicationPotion"],["ColorlessPotion"],[],[],[],[],["LiquidMemories"],[],[],["Explosive Potion"],[],["FairyPotion"],["Strength Potion"],[],[],[],[],["AttackPotion"]],"relics":["Ectoplasm","CeramicFish","Pen Nib","Matryoshka","Smiling Mask","Pandora\u0027s Box","White Beast Statue","Nunchaku","Shuriken","MawBank","Runic Pyramid","Damaru","Centennial Puzzle","Gremlin Horn","Regal Pillow","Prayer Wheel","War Paint","Bottled Flame"],"potions_floor_usage":[16,16,20,28,30,39,40,45,48,51,56],"damage_taken":[{"damage":7,"enemies":"Jaw Worm","floor":1,"turns":3},{"damage":0,"enemies":"Small Slimes","floor":3,"turns":1},{"damage":0,"enemies":"2 Louse","floor":4,"turns":3},{"damage":3,"enemies":"Gremlin Nob","floor":6,"turns":3},{"damage":32,"enemies":"Lagavulin","floor":8,"turns":8},{"damage":0,"enemies":"Red Slaver","floor":11,"turns":3},{"damage":0,"enemies":"Looter","floor":12,"turns":2},{"damage":5,"enemies":"The Guardian","floor":16,"turns":9},{"damage":6,"enemies":"2 Thieves","floor":18,"turns":3},{"damage":0,"enemies":"Spheric Guardian","floor":20,"turns":2},{"damage":0,"enemies":"Centurion and Healer","floor":22,"turns":2},{"damage":0,"enemies":"Gremlin Leader","floor":23,"turns":2},{"damage":0,"enemies":"Cultist and Chosen","floor":24,"turns":3},{"damage":18,"enemies":"Snake Plant","floor":27,"turns":3},{"damage":0,"enemies":"Sentry and Sphere","floor":28,"turns":2},{"damage":14,"enemies":"Book of Stabbing","floor":30,"turns":4},{"damage":9,"enemies":"Collector","floor":33,"turns":5},{"damage":2,"enemies":"Orb Walker","floor":35,"turns":2},{"damage":3,"enemies":"3 Shapes","floor":36,"turns":5},{"damage":22,"enemies":"Jaw Worm Horde","floor":39,"turns":4},{"damage":0,"enemies":"Reptomancer","floor":40,"turns":2},{"damage":0,"enemies":"Giant Head","floor":42,"turns":5},{"damage":6,"enemies":"3 Darklings","floor":45,"turns":4},{"damage":19,"enemies":"Nemesis","floor":46,"turns":4},{"damage":0,"enemies":"Reptomancer","floor":48,"turns":3},{"damage":48,"enemies":"Donu and Deca","floor":50,"turns":5},{"damage":17,"enemies":"Awakened One","floor":51,"turns":7},{"damage":66,"enemies":"Shield and Spear","floor":55,"turns":3},{"damage":33,"enemies":"The Heart","floor":56,"turns":3}],"green_key_taken_log":8,"seed_played":"7425910280391868622","neow_bonus_log":{"cardsObtained":[],"cardsUpgraded":[],"cardsRemoved":[],"cardsTransformed":[],"relicsObtained":["Ectoplasm"],"maxHpGained":0,"goldGained":0,"damageTaken":0,"goldLost":0,"maxHpLost":0},"potions_obtained":[{"floor":8,"key":"DuplicationPotion"},{"floor":11,"key":"FearPotion"},{"floor":16,"key":"BlessingOfTheForge"},{"floor":22,"key":"LiquidBronze"},{"floor":24,"key":"FairyPotion"},{"floor":27,"key":"EntropicBrew"},{"floor":28,"key":"Block Potion"},{"floor":30,"key":"DuplicationPotion"},{"floor":39,"key":"ColorlessPotion"},{"floor":40,"key":"LiquidMemories"},{"floor":45,"key":"Explosive Potion"},{"floor":48,"key":"Strength Potion"},{"floor":55,"key":"AttackPotion"}],"is_trial":false,"path_per_floor":["M","?","M","M","$","E","R","E","T","?","M","M","R","?","R","B",null,"M","?","M","?","M","E","M","R","T","M","M","R","E","?","R","B",null,"M","M","?","$","M","E","R","E","T","$","M","E","?","E","R","B","B",null,"R","$","E","B"],"character_chosen":"WATCHER","items_purchased":["Adaptation"],"campfire_rested":4,"item_purchase_floors":[5],"current_hp_per_floor":[54,43,43,43,43,40,40,8,8,8,8,8,8,8,28,23,57,51,51,51,51,51,51,51,51,51,33,33,53,39,39,39,30,59,57,54,54,54,32,32,32,32,32,32,26,7,7,7,42,20,3,52,68,68,2,0],"gold":0,"neow_bonus":"BOSS_RELIC","is_prod":false,"is_daily":false,"rewards_skipped":[{"floor":33,"relics":[],"potions":["SneckoOil"]},{"floor":35,"relics":[],"potions":["BlessingOfTheForge"]},{"floor":36,"relics":[],"potions":["Fire Potion"]},{"floor":42,"relics":[],"potions":["SpeedPotion"]},{"floor":46,"relics":[],"potions":["LiquidBronze"]}],"chose_seed":false,"campfire_upgraded":4,"win_rate":0,"floor_exit_playtime":[94,106,138,176,184,238,259,403,418,469,533,562,569,573,577,954,1034,1101,1120,1175,1182,1316,1398,1589,1605,1635,1832,1988,1994,2137,2141,2150,2376,2407,2463,2577,2596,2604,2755,2931,2939,3089,3092,3103,3343,3466,3478,3612,3615,4052,4430,4441,4454,4459,4910],"timestamp":1667089942,"blue_key_relic_skipped_log":{"floor":9,"relicID":"MealTicket"},"path_taken":["M","?","M","M","$","E","R","E","T","?","M","M","R","?","R","BOSS","M","?","M","?","M","E","M","R","T","?","M","R","E","?","R","BOSS","M","M","?","?","M","E","R","E","T","?","?","E","?","E","R","BOSS","BOSS","R","$","E","BOSS"],"build_version":"2022-10-04","purchased_purges":0,"victory":false,"max_hp_per_floor":[68,68,68,68,68,68,68,68,68,68,68,68,68,68,68,68,68,68,68,68,68,68,68,68,68,68,68,68,68,68,68,68,68,68,68,68,68,68,68,68,68,68,68,68,68,68,68,68,68,68,68,68,68,68,68,68],"relic_stats":{"Regal Pillow":15,"Gremlin Horn":[11,12],"counters":[29,105],"CeramicFish":0,"Pen Nib":[27],"War Paint":["InnerPeace","Meditate"],"Smiling Mask":0,"MawBank":0,"White Beast Statue":[0.0,0.0,0.0,0.4,0.0,0.6000000000000001,0.0,0.0,0.0,0.0,0.0,6.820046080000002],"Nunchaku":[18],"Centennial Puzzle":[17],"Bottled Flame":"TalkToTheHand","Matryoshka":2,"Shuriken":[42],"Pandora\u0027s Box":["Blasphemy","CrushJoints","SashWhip","Wish","JustLucky","Ragnarok","Blasphemy"],"Prayer Wheel":0,"Ectoplasm":1425,"obtain_stats":[{"Regal Pillow":43,"Gremlin Horn":42,"CeramicFish":2,"Damaru":37,"Pen Nib":6,"War Paint":48,"Smiling Mask":9,"MawBank":30,"White Beast Statue":23,"Nunchaku":26,"Centennial Puzzle":40,"Bottled Flame":55,"Matryoshka":8,"Shuriken":26,"Pandora\u0027s Box":17,"Prayer Wheel":46,"Ectoplasm":0,"PureWater":0,"Runic Pyramid":34},{"Regal Pillow":22,"Gremlin Horn":22,"CeramicFish":1,"Damaru":19,"Pen Nib":4,"War Paint":25,"Smiling Mask":5,"MawBank":16,"White Beast Statue":12,"Nunchaku":13,"Centennial Puzzle":21,"Bottled Flame":28,"Matryoshka":5,"Shuriken":13,"Pandora\u0027s Box":8,"Prayer Wheel":24,"Ectoplasm":0,"PureWater":0,"Runic Pyramid":17},{"Regal Pillow":76,"Gremlin Horn":76,"CeramicFish":3,"Damaru":65,"Pen Nib":10,"War Paint":87,"Smiling Mask":18,"MawBank":53,"White Beast Statue":41,"Nunchaku":44,"Centennial Puzzle":71,"Bottled Flame":102,"Matryoshka":18,"Shuriken":44,"Pandora\u0027s Box":32,"Prayer Wheel":84,"Ectoplasm":0,"PureWater":0,"Runic Pyramid":58}]},"card_choices":[{"not_picked":["PathToVictory","Consecrate"],"picked":"CarveReality","floor":1},{"not_picked":["FollowUp","Vengeance"],"picked":"Sanctity","floor":3},{"not_picked":["BowlingBash","Evaluate"],"picked":"FlurryOfBlows","floor":4},{"not_picked":["PathToVictory","Protect"],"picked":"LessonLearned","floor":6},{"not_picked":["Sanctity","Nirvana","WindmillStrike"],"picked":"SKIP","floor":8},{"not_picked":["Fasting2","SashWhip"],"picked":"EmptyFist","floor":11},{"not_picked":["CrushJoints","Protect"],"picked":"Meditate","floor":12},{"not_picked":["DeusExMachina","ConjureBlade"],"picked":"Blasphemy","floor":16},{"not_picked":["PathToVictory","EmptyBody","FlyingSleeves"],"picked":"SKIP","floor":18},{"not_picked":["PathToVictory","Collect"],"picked":"CutThroughFate+1","floor":20},{"not_picked":["EmptyBody","BattleHymn"],"picked":"Pray+1","floor":22},{"not_picked":["EmptyBody","DeceiveReality"],"picked":"Wireheading+1","floor":23},{"not_picked":["Evaluate","Consecrate"],"picked":"WaveOfTheHand","floor":24},{"not_picked":["JustLucky","Protect+1"],"picked":"TalkToTheHand","floor":27},{"not_picked":["FlurryOfBlows","ClearTheMind"],"picked":"Study","floor":28},{"not_picked":["CrushJoints","Evaluate"],"picked":"Vault","floor":30},{"not_picked":["Perseverance","WreathOfFlame","Fasting2+1"],"picked":"SKIP","floor":35},{"not_picked":["FollowUp+1","FlyingSleeves","JustLucky+1"],"picked":"SKIP","floor":36},{"not_picked":["BowlingBash","ThirdEye+1"],"picked":"TalkToTheHand","floor":39},{"not_picked":["Sanctity","SashWhip"],"picked":"EmptyMind","floor":40},{"not_picked":["LikeWater","Evaluate+1","FlyingSleeves+1"],"picked":"SKIP","floor":42},{"not_picked":["Vengeance+1","SashWhip+1"],"picked":"FearNoEvil","floor":45},{"not_picked":["FlyingSleeves","Weave"],"picked":"InnerPeace","floor":46},{"not_picked":["ThirdEye","EmptyBody"],"picked":"Meditate","floor":48},{"not_picked":["Collect","Wireheading"],"picked":"Devotion","floor":55}],"player_experience":4283474,"relics_obtained":[{"floor":6,"key":"Pen Nib"},{"floor":8,"key":"Matryoshka"},{"floor":9,"key":"Smiling Mask"},{"floor":23,"key":"White Beast Statue"},{"floor":26,"key":"Nunchaku"},{"floor":26,"key":"Shuriken"},{"floor":30,"key":"MawBank"},{"floor":40,"key":"Centennial Puzzle"},{"floor":42,"key":"Gremlin Horn"},{"floor":43,"key":"Regal Pillow"},{"floor":46,"key":"Prayer Wheel"},{"floor":48,"key":"War Paint"},{"floor":55,"key":"Bottled Flame"}],"event_choices":[{"damage_healed":0,"gold_gain":0,"player_choice":"Success","damage_taken":11,"relics_obtained":["CeramicFish"],"max_hp_gain":0,"max_hp_loss":0,"event_name":"Scrap Ooze","floor":2,"gold_loss":0},{"damage_healed":0,"gold_gain":0,"cards_transformed":["Strike_P"],"player_choice":"Change","damage_taken":0,"max_hp_gain":0,"max_hp_loss":0,"event_name":"Living Wall","floor":10,"gold_loss":0,"cards_obtained":["Crescendo"]},{"damage_healed":0,"gold_gain":0,"player_choice":"Ignored","damage_taken":0,"max_hp_gain":0,"max_hp_loss":0,"event_name":"Shining Light","floor":14,"gold_loss":0},{"damage_healed":0,"gold_gain":50,"player_choice":"Pray","damage_taken":0,"max_hp_gain":0,"max_hp_loss":0,"event_name":"Golden Shrine","floor":21,"gold_loss":0},{"damage_healed":0,"gold_gain":0,"player_choice":"Ignored","damage_taken":0,"max_hp_gain":0,"max_hp_loss":0,"event_name":"Vampires","floor":31,"gold_loss":0},{"cards_removed":["SashWhip"],"damage_healed":0,"gold_gain":0,"player_choice":"Gave Card","damage_taken":0,"relics_obtained":["Damaru"],"max_hp_gain":0,"max_hp_loss":0,"event_name":"WeMeetAgain","floor":37,"gold_loss":0},{"damage_healed":0,"gold_gain":0,"player_choice":"Ignored","damage_taken":0,"max_hp_gain":0,"max_hp_loss":0,"event_name":"The Moai Head","floor":47,"gold_loss":0}],"is_beta":false,"boss_relics":[{"not_picked":["SlaversCollar","Astrolabe"],"picked":"Pandora\u0027s Box"},{"not_picked":["Sozu","Coffee Dripper"],"picked":"Runic Pyramid"}],"items_purged_floors":[],"is_endless":false,"potions_floor_spawned":[8,11,16,22,24,27,28,30,33,35,36,39,40,42,45,46,48,55],"killed_by":"The Heart","ascension_level":20,"potion_discard_per_floor":[[],[],[],[],[],[],[],[],[],[],[],[],[],[],[],[],[],[],[],[],[],[],[],[],[],[],["LiquidBronze"],["SpeedPotion"],[],[],[],[],[],[],[],[],[],[],[],[],[],[],[],[],[],[],[],[],[],[],[],[],[],[],[],[]]}