{"neow_bonuses_skipped_log":["THREE_ENEMY_KILL"],"potions_obtained_entropic_brew":[[],[],[],[],[],[],[],[],[],[],[],[],[],[],[],[],[],[],[],[],[],[],[],[],[],[],[],[],[],[],[],[],[],[],[],[],[],[],[],[],[],[],[],[],[],[],[],[],[],[],[],[],[],[],[],["PowerPotion","FearPotion"],[]],"neow_costs_skipped_log":["NONE"],"gold_per_floor":[114,114,131,145,157,157,188,199,226,256,266,18,18,50,50,129,129,142,32,51,62,78,112,128,147,194,209,244,255,3,22,22,96,96,114,129,129,29,29,60,87,117,193,193,212,240,255,272,272,272,272,272,272,55,88,88],"floor_reached":57,"playtime":9178,"items_purged":["Defend_P","FlyingSleeves+1"],"score":3020,"play_id":"231a3336-e453-4abf-a162-431782a24a41","local_time":"20221107210643","falling_options_log":["EmptyMind+1","MentalFortress+1"],"score_breakdown":["Floors Climbed (57): 285","Enemies Slain (20): 40","Exordium Elites Killed (3): 30","City Elites Killed (2): 40","Beyond Elites Killed (3): 90","Bosses Slain (5): 750","Perfect (2): 100","Overkill: 25","C-c-c-combo: 25","Ascension (20): 1385","Heartbreaker: 250"],"is_ascension_mode":true,"potions_obtained_alchemize":[[],[],[],[],[],[],[],[],[],[],[],[],[],[],[],[],[],[],[],[],[],[],[],[],[],[],[],[],[],[],[],[],[],[],[],[],[],[],[],[],[],[],[],[],[],[],[],[],[],[],[],[],[],[],[],[],[]],"campfire_choices":[{"data":"Eruption","floor":6,"key":"SMITH"},{"floor":15,"key":"REST"},{"data":"Enlightenment","floor":32,"key":"SMITH"},{"floor":44,"key":"RECALL"},{"floor":49,"key":"REST"},{"floor":53,"key":"REST"}],"lesson_learned_per_floor":[[],[],[],[],[],[],[],[],[],[],[],[],[],[],[],["Vigilance"],[],["EmptyFist"],[],["FlyingSleeves"],["DeceiveReality"],["FlurryOfBlows"],["EmptyMind"],["LessonLearned"],["Perseverance"],[],["WheelKick"],[],["MentalFortress"],[],["FearNoEvil"],[],[],[],["InnerPeace"],["Devotion"],[],[],[],[],[],["Alpha"],[],[],[],["Dark Shackles"],["Vault"],["EmptyMind"],[],[],["CutThroughFate"],[],[],[],[],[],[]],"neow_cost":"NONE","improvable_cards":{},"seed_source_timestamp":8178870159979,"shop_contents":[{"floor":12,"relics":["Tiny Chest","Sling"],"cards":["Ragnarok","CarveReality","Vengeance","Wish","Devotion","Jack Of All Trades","Sadistic Nature"],"potions":["Weak Potion","Strength Potion","DistilledChaos"]},{"floor":30,"relics":["Orichalcum","Blue Candle"],"cards":["FollowUp","SignatureMove","WaveOfTheHand","PathToVictory","Study","Sadistic Nature"],"potions":["DistilledChaos","Ancient Potion","Swift Potion"]},{"floor":38,"relics":["CaptainsWheel","Potion Belt","Strange Spoon"],"cards":["JustLucky","SandsOfTime","PathToVictory","Perseverance","Study","Good Instincts","HandOfGreed"],"potions":["GamblersBrew","Weak Potion","DistilledChaos"]},{"floor":54,"relics":["Boot","Toolbox"],"cards":["CrushJoints","FollowUp","EmptyBody","ThirdEye","Trip","Violence"],"potions":["Weak Potion","SteroidPotion","Strength Potion"]}],"circlet_count":0,"master_deck":["AscendersBane","Eruption+1","Vigilance+1","FlurryOfBlows+1","DeceiveReality+1","LessonLearned+1","MasterReality+1","EmptyFist+1","JustLucky","Alpha+1","Perseverance+1","FearNoEvil+1","EmptyMind+1","Vault+1","MentalFortress+1","Prostrate+1","InnerPeace+1","Enlightenment+1","Devotion+1","Dark Shackles+1","CutThroughFate+1","EmptyMind+1","CrushJoints+1","Omniscience","TalkToTheHand","Wireheading","Adaptation"],"potion_use_per_floor":[[],[],[],[],[],[],[],[],[],[],[],[],[],[],[],[],[],[],[],[],[],[],["SteroidPotion"],[],[],[],["Block Potion"],[],[],[],[],[],["Regen Potion"],[],[],[],[],[],[],["LiquidMemories"],[],[],[],[],[],[],[],[],[],[],[],[],[],[],[],["DuplicationPotion","EntropicBrew","PowerPotion","FearPotion"],[]],"relics":["PureWater","Pocketwatch","Centennial Puzzle","Damaru","Nunchaku","Art of War","Pandora\u0027s Box","Regal Pillow","Lantern","Orrery","Fusion Hammer","PreservedInsect","Dream Catcher","Eternal Feather","Bottled Lightning","Omamori","Bag of Preparation","GoldenEye"],"potions_floor_usage":[23,27,33,40,56,56,56,56],"damage_taken":[{"damage":0,"enemies":"Cultist","floor":1,"turns":3},{"damage":0,"enemies":"2 Louse","floor":3,"turns":3},{"damage":7,"enemies":"Jaw Worm","floor":4,"turns":3},{"damage":4,"enemies":"Lots of Slimes","floor":5,"turns":4},{"damage":3,"enemies":"3 Sentries","floor":7,"turns":6},{"damage":17,"enemies":"Exordium Wildlife","floor":8,"turns":3},{"damage":3,"enemies":"Lagavulin","floor":10,"turns":6},{"damage":0,"enemies":"3 Louse","floor":11,"turns":3},{"damage":3,"enemies":"Gremlin Nob","floor":14,"turns":3},{"damage":0,"enemies":"The Guardian","floor":16,"turns":13},{"damage":1,"enemies":"Shell Parasite","floor":18,"turns":2},{"damage":1,"enemies":"3 Byrds","floor":20,"turns":6},{"damage":0,"enemies":"Snecko","floor":21,"turns":11},{"damage":4,"enemies":"Centurion and Healer","floor":22,"turns":5},{"damage":3,"enemies":"Slavers","floor":23,"turns":2},{"damage":0,"enemies":"Cultist and Chosen","floor":24,"turns":4},{"damage":0,"enemies":"3 Cultists","floor":25,"turns":4},{"damage":0,"enemies":"Shelled Parasite and Fungi","floor":27,"turns":4},{"damage":14,"enemies":"Gremlin Leader","floor":28,"turns":8},{"damage":0,"enemies":"Centurion and Healer","floor":29,"turns":4},{"damage":0,"enemies":"3 Cultists","floor":31,"turns":6},{"damage":0,"enemies":"Automaton","floor":33,"turns":6},{"damage":3,"enemies":"Orb Walker","floor":35,"turns":4},{"damage":0,"enemies":"3 Darklings","floor":36,"turns":6},{"damage":26,"enemies":"Reptomancer","floor":40,"turns":11},{"damage":2,"enemies":"Nemesis","floor":42,"turns":8},{"damage":0,"enemies":"Transient","floor":45,"turns":7},{"damage":2,"enemies":"Reptomancer","floor":46,"turns":4},{"damage":4,"enemies":"Sphere and 2 Shapes","floor":47,"turns":4},{"damage":0,"enemies":"Spire Growth","floor":48,"turns":4},{"damage":27,"enemies":"Time Eater","floor":50,"turns":9},{"damage":18,"enemies":"Donu and Deca","floor":51,"turns":6},{"damage":8,"enemies":"Shield and Spear","floor":55,"turns":3},{"damage":63,"enemies":"The Heart","floor":56,"turns":10}],"green_key_taken_log":10,"seed_played":"2962229044497361238","neow_bonus_log":{"cardsObtained":[],"cardsUpgraded":[],"cardsRemoved":[],"cardsTransformed":[],"relicsObtained":[],"maxHpGained":6,"goldGained":0,"damageTaken":0,"goldLost":0,"maxHpLost":0},"potions_obtained":[{"floor":3,"key":"DuplicationPotion"},{"floor":4,"key":"SteroidPotion"},{"floor":24,"key":"Block Potion"},{"floor":27,"key":"Weak Potion"},{"floor":29,"key":"Regen Potion"},{"floor":33,"key":"LiquidMemories"},{"floor":42,"key":"EntropicBrew"}],"is_trial":false,"path_per_floor":["M","?","M","M","M","R","E","M","T","E","M","$","?","E","R","B",null,"M","?","M","M","M","E","M","M","T","M","E","M","$","M","R","B",null,"M","M","?","$","?","E","T","E","T","R","M","E","M","M","R","B","B",null,"R","$","E","B",null],"character_chosen":"WATCHER","items_purchased":["Nunchaku","Orrery","Enlightenment","Bag of Preparation","Wireheading"],"campfire_rested":3,"item_purchase_floors":[12,30,30,54,54],"current_hp_per_floor":[67,67,67,60,56,56,53,36,36,33,33,33,11,8,30,30,63,62,62,61,61,57,54,54,54,54,54,40,40,40,40,40,55,69,66,66,56,56,56,30,30,28,28,40,40,38,34,34,74,47,29,63,74,74,66,3],"gold":88,"neow_bonus":"TEN_PERCENT_HP_BONUS","is_prod":false,"is_daily":false,"rewards_skipped":[{"floor":5,"relics":[],"potions":["Swift Potion"]},{"floor":8,"relics":[],"potions":["SpeedPotion"]},{"floor":10,"relics":[],"potions":["DistilledChaos"]},{"floor":21,"relics":[],"potions":["BlessingOfTheForge"]},{"floor":31,"relics":[],"potions":["BlessingOfTheForge"]},{"floor":36,"relics":[],"potions":["Explosive Potion"]},{"floor":45,"relics":[],"potions":["SneckoOil"]},{"floor":46,"relics":[],"potions":["BottledMiracle"]},{"floor":48,"relics":[],"potions":["SpeedPotion"]}],"chose_seed":false,"campfire_upgraded":2,"win_rate":0,"floor_exit_playtime":[101,118,190,209,369,374,505,558,562,720,795,853,858,1232,1237,1561,1747,1923,2018,2397,2803,2962,3328,3689,3820,3851,4005,4208,4379,4634,4772,4778,5022,5055,5184,5363,5439,5477,5502,6008,6015,6201,6219,6240,6419,6635,6867,7025,7035,7398,7725,7740,7749,7830,8024,9178],"timestamp":1667873203,"blue_key_relic_skipped_log":{"floor":26,"relicID":"Oddly Smooth Stone"},"path_taken":["M","?","M","M","M","R","E","M","T","E","M","$","?","E","R","BOSS","M","?","M","M","M","E","?","M","T","M","E","M","$","M","R","BOSS","M","M","?","$","?","E","?","E","T","R","?","E","M","M","R","BOSS","BOSS","R","$","E","BOSS"],"build_version":"2022-10-04","purchased_purges":2,"victory":true,"max_hp_per_floor":[74,74,74,74,74,74,74,74,74,74,74,74,74,74,74,74,74,74,74,74,74,74,74,74,74,74,74,74,74,74,74,74,74,74,74,74,74,74,74,74,74,74,74,74,74,74,74,74,74,74,74,74,74,74,74,74],"relic_stats":{"Regal Pillow":6,"counters":[34,185],"Eternal Feather":35,"PreservedInsect":187,"Omamori":0,"Bag of Preparation":[4],"GoldenEye":[24],"Centennial Puzzle":[48],"Nunchaku":[37],"Dream Catcher":2,"Pandora\u0027s Box":["MasterReality","WheelKick","EmptyFist","JustLucky","Alpha","Perseverance"],"Art of War":[52],"Bottled Lightning":"Vault","PureWater":[23],"obtain_stats":[{"Regal Pillow":23,"Lantern":28,"Damaru":10,"Eternal Feather":42,"PreservedInsect":40,"Omamori":46,"Bag of Preparation":54,"GoldenEye":55,"Centennial Puzzle":9,"Nunchaku":12,"Dream Catcher":41,"Orrery":30,"Pandora\u0027s Box":17,"Fusion Hammer":34,"Art of War":14,"Bottled Lightning":43,"PureWater":0,"Pocketwatch":7},{"Regal Pillow":15,"Lantern":19,"Damaru":7,"Eternal Feather":26,"PreservedInsect":25,"Omamori":28,"Bag of Preparation":32,"GoldenEye":33,"Centennial Puzzle":6,"Nunchaku":8,"Dream Catcher":25,"Orrery":20,"Pandora\u0027s Box":10,"Fusion Hammer":22,"Art of War":9,"Bottled Lightning":26,"PureWater":0,"Pocketwatch":5},{"Regal Pillow":73,"Lantern":93,"Damaru":28,"Eternal Feather":138,"PreservedInsect":130,"Omamori":149,"Bag of Preparation":172,"GoldenEye":175,"Centennial Puzzle":22,"Nunchaku":31,"Dream Catcher":130,"Orrery":97,"Pandora\u0027s Box":47,"Fusion Hammer":109,"Art of War":34,"Bottled Lightning":138,"PureWater":0,"Pocketwatch":19}],"Pocketwatch":[163]},"card_choices":[{"not_picked":["JustLucky","Consecrate"],"picked":"EmptyFist","floor":1},{"not_picked":["ForeignInfluence","Sanctity"],"picked":"FlurryOfBlows","floor":3},{"not_picked":["BowlingBash","ThirdEye","Prostrate"],"picked":"SKIP","floor":4},{"not_picked":["CutThroughFate","JustLucky"],"picked":"DeceiveReality","floor":5},{"not_picked":["Swivel","ClearTheMind","JustLucky"],"picked":"SKIP","floor":7},{"not_picked":["JustLucky","Crescendo","Wallop"],"picked":"SKIP","floor":8},{"not_picked":["ReachHeaven","Consecrate","ThirdEye"],"picked":"SKIP","floor":10},{"not_picked":["CutThroughFate","ClearTheMind","BowlingBash"],"picked":"SKIP","floor":11},{"not_picked":["Indignation","WindmillStrike"],"picked":"LessonLearned","floor":14},{"not_picked":["ForeignInfluence","FlurryOfBlows"],"picked":"FearNoEvil","floor":18},{"not_picked":["FlurryOfBlows","Tantrum"],"picked":"EmptyMind","floor":20},{"not_picked":["EmptyBody","Wireheading","Halt+1"],"picked":"SKIP","floor":21},{"not_picked":["EmptyBody","Wireheading","Halt+1"],"picked":"SKIP","floor":21},{"not_picked":["Halt+1","FollowUp","FearNoEvil"],"picked":"SKIP","floor":22},{"not_picked":["EmptyBody","Consecrate"],"picked":"Vault","floor":23},{"not_picked":["Prostrate","EmptyBody","FearNoEvil"],"picked":"SKIP","floor":24},{"not_picked":["Prostrate","EmptyBody","FearNoEvil"],"picked":"SKIP","floor":24},{"not_picked":["Prostrate","EmptyBody","FearNoEvil"],"picked":"SKIP","floor":24},{"not_picked":["Prostrate","EmptyBody","FearNoEvil"],"picked":"SKIP","floor":24},{"not_picked":["Prostrate","EmptyBody","FearNoEvil"],"picked":"SKIP","floor":24},{"not_picked":["Prostrate","PathToVictory+1"],"picked":"MentalFortress","floor":25},{"not_picked":["Prostrate","EmptyBody","CarveReality"],"picked":"SKIP","floor":27},{"not_picked":["BattleHymn","LessonLearned","CutThroughFate"],"picked":"SKIP","floor":28},{"not_picked":["EmptyBody","Nirvana","CrushJoints"],"picked":"SKIP","floor":29},{"not_picked":["Consecrate","PathToVictory"],"picked":"Prostrate+1","floor":30},{"not_picked":["Crescendo","Weave"],"picked":"InnerPeace","floor":30},{"not_picked":["FlurryOfBlows","FollowUp","JustLucky"],"picked":"SKIP","floor":30},{"not_picked":["SandsOfTime","Collect","CrushJoints"],"picked":"SKIP","floor":30},{"not_picked":["Wallop","Consecrate","Halt"],"picked":"SKIP","floor":30},{"not_picked":["CutThroughFate","Evaluate","BowlingBash"],"picked":"SKIP","floor":31},{"not_picked":["Ragnarok","Blasphemy"],"picked":"Devotion","floor":33},{"not_picked":["ForeignInfluence","Protect","SashWhip"],"picked":"SKIP","floor":35},{"not_picked":["DeceiveReality","Prostrate","ReachHeaven"],"picked":"SKIP","floor":36},{"not_picked":["DeceiveReality","Prostrate","ReachHeaven"],"picked":"SKIP","floor":36},{"not_picked":["Chrysalis","Madness"],"picked":"Dark Shackles","floor":37},{"not_picked":["Swift Strike","Panache","Mind Blast"],"picked":"SKIP","floor":37},{"not_picked":["Madness","Blind","Jack Of All Trades"],"picked":"SKIP","floor":37},{"not_picked":["Prostrate","Protect+1","Halt"],"picked":"SKIP","floor":40},{"not_picked":["Protect","FollowUp"],"picked":"CutThroughFate","floor":42},{"not_picked":["BowlingBash","FlurryOfBlows"],"picked":"EmptyMind","floor":45},{"not_picked":["Swivel","DeusExMachina","Halt"],"picked":"SKIP","floor":46},{"not_picked":["Swivel","DeusExMachina","Halt"],"picked":"SKIP","floor":46},{"not_picked":["Swivel","DeusExMachina","Halt"],"picked":"SKIP","floor":46},{"not_picked":["Swivel","DeusExMachina","Halt"],"picked":"SKIP","floor":46},{"not_picked":["Evaluate","Prostrate"],"picked":"CrushJoints+1","floor":47},{"not_picked":["BowlingBash","WindmillStrike"],"picked":"Omniscience","floor":48},{"not_picked":["Crescendo","SignatureMove"],"picked":"TalkToTheHand","floor":53},{"not_picked":["WreathOfFlame+1","Consecrate"],"picked":"Adaptation","floor":55}],"player_experience":4376943,"relics_obtained":[{"floor":7,"key":"Pocketwatch"},{"floor":9,"key":"Centennial Puzzle"},{"floor":10,"key":"Damaru"},{"floor":14,"key":"Art of War"},{"floor":23,"key":"Regal Pillow"},{"floor":28,"key":"Lantern"},{"floor":40,"key":"PreservedInsect"},{"floor":41,"key":"Dream Catcher"},{"floor":42,"key":"Eternal Feather"},{"floor":43,"key":"Bottled Lightning"},{"floor":46,"key":"Omamori"},{"floor":55,"key":"GoldenEye"}],"event_choices":[{"damage_healed":0,"gold_gain":0,"cards_transformed":["Defend_P"],"player_choice":"Change","damage_taken":0,"max_hp_gain":0,"max_hp_loss":0,"event_name":"Living Wall","floor":2,"gold_loss":0,"cards_obtained":["FlyingSleeves"]},{"damage_healed":0,"gold_gain":0,"player_choice":"Entered Light","damage_taken":22,"max_hp_gain":0,"max_hp_loss":0,"event_name":"Shining Light","floor":13,"gold_loss":0,"cards_upgraded":["Strike_P","Strike_P"]},{"cards_removed":["EmptyFist"],"damage_healed":0,"gold_gain":0,"player_choice":"Upgrade and Remove","damage_taken":0,"max_hp_gain":0,"max_hp_loss":0,"event_name":"Designer","floor":19,"gold_loss":110,"cards_upgraded":["MasterReality"]},{"damage_healed":0,"gold_gain":0,"player_choice":"Memory 3","damage_taken":10,"max_hp_gain":0,"max_hp_loss":0,"event_name":"SensoryStone","floor":37,"gold_loss":0},{"cards_removed":["WheelKick"],"damage_healed":0,"gold_gain":0,"player_choice":"Removed Attack","damage_taken":0,"max_hp_gain":0,"max_hp_loss":0,"event_name":"Falling","floor":39,"gold_loss":0}],"is_beta":false,"boss_relics":[{"not_picked":["HolyWater","Runic Dome"],"picked":"Pandora\u0027s Box"},{"not_picked":["Cursed Key","Sozu"],"picked":"Fusion Hammer"}],"items_purged_floors":[12,38],"is_endless":false,"potions_floor_spawned":[3,4,5,8,10,21,24,27,29,31,33,36,42,45,46,48],"ascension_level":20,"potion_discard_per_floor":[[],[],[],[],[],[],[],[],[],[],[],[],[],[],[],[],[],[],[],[],[],[],[],[],[],[],[],[],["Weak Potion"],[],[],[],[],[],[],[],[],[],[],[],[],[],[],[],[],[],[],[],[],[],[],[],[],[],[],[],[]]}