{"neow_bonuses_skipped_log":["UPGRADE_CARD","HUNDRED_GOLD","BOSS_RELIC"],"potions_obtained_entropic_brew":[[],[],[],[],[],[],[],[],[],[],[],[],[],[],[],[]],"neow_costs_skipped_log":["NONE","NONE","NONE"],"gold_per_floor":[111,129,129,145,70,70,87,87,87,113,131,145,145,162,162,162],"floor_reached":16,"playtime":1130,"items_purged":["Defend_P"],"score":208,"play_id":"2f01d0d1-2fb8-43ac-8949-ecbd38150445","local_time":"20221118184303","score_breakdown":["Floors Climbed (16): 80","Enemies Slain (7): 14","Exordium Elites Killed (1): 10","Bosses Slain (0): 0","Ascension (20): 104"],"is_ascension_mode":true,"potions_obtained_alchemize":[[],[],[],[],[],[],[],[],[],[],[],[],[],[],[],[]],"campfire_choices":[{"data":"Eruption","floor":6,"key":"SMITH"},{"data":"EmptyFist","floor":8,"key":"SMITH"},{"data":"Wallop","floor":13,"key":"SMITH"},{"data":"MentalFortress","floor":15,"key":"SMITH"}],"lesson_learned_per_floor":[[],[],[],[],[],[],[],[],[],[],[],[],[],[],[],[]],"neow_cost":"PERCENT_DAMAGE","improvable_cards":{},"seed_source_timestamp":13980930905172,"shop_contents":[{"floor":5,"relics":["Orichalcum","TeardropLocket","HandDrill"],"cards":["CarveReality","Consecrate","Crescendo","Meditate","MentalFortress","Madness","Chrysalis"],"potions":["PowerPotion","ColorlessPotion","LiquidMemories"]}],"circlet_count":0,"master_deck":["AscendersBane","Strike_P","Strike_P","Strike_P","Strike_P","Defend_P","Eruption+1","Vigilance","EmptyFist+1","Prostrate","CutThroughFate","MentalFortress+1","InnerPeace","Wallop+1","EmptyMind"],"potion_use_per_floor":[[],[],[],[],[],[],[],[],[],[],[],["Swift Potion"],[],[],[],["LiquidMemories","SteroidPotion"]],"relics":["PureWater","Ancient Tea Set","White Beast Statue","Sundial"],"potions_floor_usage":[12,16,16],"damage_taken":[{"damage":0,"enemies":"Cultist","floor":1,"turns":3},{"damage":0,"enemies":"Jaw Worm","floor":2,"turns":2},{"damage":0,"enemies":"2 Louse","floor":4,"turns":2},{"damage":0,"enemies":"Large Slime","floor":7,"turns":3},{"damage":24,"enemies":"3 Sentries","floor":10,"turns":5},{"damage":4,"enemies":"Exordium Wildlife","floor":11,"turns":2},{"damage":0,"enemies":"Gremlin Gang","floor":12,"turns":4},{"damage":0,"enemies":"2 Fungi Beasts","floor":14,"turns":1},{"damage":15,"enemies":"Hexaghost","floor":16,"turns":10}],"seed_played":"5270871228279557275","neow_bonus_log":{"cardsObtained":["EmptyFist","Prostrate"],"cardsUpgraded":[],"cardsRemoved":[],"cardsTransformed":["Defend_P","Defend_P"],"relicsObtained":[],"maxHpGained":0,"goldGained":0,"damageTaken":18,"goldLost":0,"maxHpLost":0},"potions_obtained":[{"floor":4,"key":"SpeedPotion"},{"floor":10,"key":"Swift Potion"},{"floor":11,"key":"LiquidMemories"},{"floor":12,"key":"SmokeBomb"},{"floor":14,"key":"SteroidPotion"}],"is_trial":false,"path_per_floor":["M","M","T","M","$","R","M","R","T","E","M","M","R","M","R","B"],"character_chosen":"WATCHER","items_purchased":[],"campfire_rested":0,"item_purchase_floors":[],"current_hp_per_floor":[43,43,43,43,43,43,43,43,43,19,15,15,15,15,15,0],"gold":162,"neow_bonus":"TRANSFORM_TWO_CARDS","is_prod":false,"is_daily":false,"rewards_skipped":[],"chose_seed":false,"campfire_upgraded":4,"win_rate":0,"floor_exit_playtime":[149,236,248,284,347,450,501,507,510,626,650,753,768,819,827],"timestamp":1668814983,"path_taken":["M","M","?","M","$","R","M","R","T","E","M","M","R","M","R","BOSS"],"build_version":"2022-10-04","purchased_purges":1,"victory":false,"max_hp_per_floor":[68,68,68,68,68,68,68,68,68,68,68,68,68,68,68,68],"relic_stats":{"counters":[9,32],"Sundial":[4],"PureWater":[5],"Ancient Tea Set":[8],"obtain_stats":[{"Sundial":10,"PureWater":0,"Ancient Tea Set":3,"White Beast Statue":9},{"Sundial":5,"PureWater":0,"Ancient Tea Set":2,"White Beast Statue":4},{"Sundial":15,"PureWater":0,"Ancient Tea Set":5,"White Beast Statue":10}],"White Beast Statue":[0.0,0.0,0.03600000000000001,0.0,0.3480000000000001,0.0,0.49360000000000015,0.0,0.12000000000000004,0.0,0.002400000000000001,2.2952000000000004]},"card_choices":[{"not_picked":["Protect","Crescendo"],"picked":"CutThroughFate","floor":1},{"not_picked":["FlurryOfBlows","Pray"],"picked":"MentalFortress","floor":2},{"not_picked":["WreathOfFlame","ThirdEye","Study"],"picked":"SKIP","floor":4},{"not_picked":["SandsOfTime","Study"],"picked":"InnerPeace","floor":7},{"not_picked":["DevaForm","MentalFortress"],"picked":"Wallop","floor":10},{"not_picked":["Consecrate","FlyingSleeves"],"picked":"EmptyMind","floor":11},{"not_picked":["JustLucky","ClearTheMind","EmptyBody"],"picked":"SKIP","floor":12},{"not_picked":["Conclude","PathToVictory","Omniscience"],"picked":"SKIP","floor":14}],"player_experience":4479785,"relics_obtained":[{"floor":3,"key":"Ancient Tea Set"},{"floor":9,"key":"White Beast Statue"},{"floor":10,"key":"Sundial"}],"event_choices":[],"is_beta":false,"boss_relics":[],"items_purged_floors":[5],"is_endless":false,"potions_floor_spawned":[4,10,11,12,14],"killed_by":"Hexaghost","ascension_level":20,"potion_discard_per_floor":[[],[],[],[],[],[],[],[],[],[],["SpeedPotion"],[],[],["SmokeBomb"],[],[]]}