{"neow_bonuses_skipped_log":["TEN_PERCENT_HP_BONUS","ONE_RARE_RELIC","BOSS_RELIC"],"potions_obtained_entropic_brew":[[],[],[],[],[],[],[],[],[],[],[],[],[],[],[],[],[],[],[],[],[],[],[],[],[],[],[],[],[],[],[],[],[],[],[],[],[],[],[],[],[],[],[],[],[],[],[],[],[],[],[],[],[],[],[],[],[]],"neow_costs_skipped_log":["NONE","CURSE","NONE"],"gold_per_floor":[115,115,40,59,78,78,111,111,163,163,192,209,239,251,251,324,324,336,336,362,262,262,288,163,189,216,232,232,232,262,274,274,351,351,366,376,393,403,413,413,57,71,71,71,88,88,121,132,132,132,132,132,132,75,103,103],"floor_reached":57,"playtime":3425,"items_purged":["Defend_P","Defend_P","Strike_P","Decay"],"score":3349,"play_id":"5c5a3c89-6bdb-4d49-bdf5-bfe3a336a535","local_time":"20221206204709","score_breakdown":["Floors Climbed (57): 285","Enemies Slain (16): 32","Exordium Elites Killed (3): 30","City Elites Killed (3): 60","Beyond Elites Killed (1): 30","Bosses Slain (5): 750","Speedster: 25","Champion (5): 125","Beyond Perfect: 200","C-c-c-combo: 25","Ascension (20): 1537","Heartbreaker: 250"],"is_ascension_mode":true,"potions_obtained_alchemize":[[],[],[],[],[],[],[],[],[],[],[],[],[],[],[],[],[],[],[],[],[],[],[],[],[],[],[],[],[],[],[],[],[],[],[],[],[],[],[],[],[],[],[],[],[],[],[],[],[],[],[],[],[],[],[],[],[]],"campfire_choices":[{"data":"Eruption","floor":6,"key":"SMITH"},{"data":"Adaptation","floor":8,"key":"SMITH"},{"data":"Tantrum","floor":10,"key":"SMITH"},{"data":"CutThroughFate","floor":15,"key":"SMITH"},{"data":"Vault","floor":29,"key":"SMITH"},{"data":"Scrawl","floor":32,"key":"SMITH"},{"floor":40,"key":"RECALL"},{"data":"TalkToTheHand","floor":46,"key":"SMITH"},{"data":"TalkToTheHand","floor":49,"key":"SMITH"},{"data":"InnerPeace","floor":53,"key":"SMITH"}],"lesson_learned_per_floor":[[],[],[],[],[],[],[],[],[],[],[],[],[],[],[],[],[],[],[],[],[],[],[],[],[],[],[],[],[],[],[],[],[],[],[],[],[],[],[],[],[],[],[],[],[],[],[],[],[],[],[],[],[],[],[],[],[]],"neow_cost":"NONE","improvable_cards":{},"seed_source_timestamp":16436603861475,"shop_contents":[{"floor":3,"relics":["FossilizedHelix","TeardropLocket","DollysMirror"],"cards":["ReachHeaven","WindmillStrike","ClearTheMind","WaveOfTheHand","Nirvana","Swift Strike","Panache"],"potions":["Block Potion","Dexterity Potion","DuplicationPotion"]},{"floor":21,"relics":["InkBottle","Mercury Hourglass","HandDrill"],"cards":["LessonLearned","FollowUp","ThirdEye","Judgement","BattleHymn","Bandage Up","Chrysalis"],"potions":["SkillPotion","PowerPotion","Swift Potion"]},{"floor":24,"relics":["Pear","Peace Pipe","Chemical X"],"cards":["SignatureMove","Conclude","Vengeance","EmptyBody","Wireheading","Flash of Steel","Transmutation"],"potions":["DuplicationPotion","Strength Potion","AttackPotion"]},{"floor":41,"relics":["Molten Egg 2","Bottled Lightning"],"cards":["Tantrum","EmptyBody","Swivel","Study","Finesse","Transmutation"],"potions":["SteroidPotion","CultistPotion","Swift Potion"]},{"floor":44,"relics":["Darkstone Periapt","Ice Cream","PrismaticShard"],"cards":["SashWhip","FlurryOfBlows","WaveOfTheHand","EmptyBody","Adaptation","PanicButton","Magnetism"],"potions":["SpeedPotion","Dexterity Potion","AttackPotion"]},{"floor":54,"relics":["StrikeDummy","Ornamental Fan","Orrery"],"cards":["CutThroughFate","LessonLearned","Sanctity","EmptyBody","Wireheading","Dark Shackles","Sadistic Nature"],"potions":["GamblersBrew","GamblersBrew"]}],"circlet_count":0,"master_deck":["AscendersBane","Strike_P","Strike_P+1","Eruption+1","Vigilance","FearNoEvil","Tantrum+1","CutThroughFate+1","Adaptation+1","InnerPeace+1","Scrawl+1","ClearTheMind+1","TalkToTheHand+1","FollowUp+1","Worship","Vault+1","Prostrate+1","TalkToTheHand+1"],"potion_use_per_floor":[[],[],[],[],[],[],["Explosive Potion"],[],[],[],[],[],["Fruit Juice"],[],[],[],[],[],[],[],[],[],[],[],[],[],[],[],[],[],[],[],[],[],[],[],[],[],[],[],[],[],[],[],[],[],[],[],[],["Swift Potion"],[],[],[],[],[],[],[]],"relics":["PureWater","Orichalcum","Prayer Wheel","Strawberry","Yang","Bird Faced Urn","Runic Pyramid","Red Mask","Whetstone","Sundial","MealTicket","Cursed Key","Medical Kit","Eternal Feather","Gremlin Horn"],"potions_floor_usage":[7,13,50],"damage_taken":[{"damage":0,"enemies":"Small Slimes","floor":1,"turns":2},{"damage":0,"enemies":"Cultist","floor":4,"turns":2},{"damage":2,"enemies":"Jaw Worm","floor":5,"turns":3},{"damage":22,"enemies":"3 Sentries","floor":7,"turns":5},{"damage":2,"enemies":"Gremlin Nob","floor":11,"turns":3},{"damage":0,"enemies":"Blue Slaver","floor":12,"turns":1},{"damage":3,"enemies":"3 Sentries","floor":13,"turns":3},{"damage":0,"enemies":"Looter","floor":14,"turns":2},{"damage":19,"enemies":"Hexaghost","floor":16,"turns":5},{"damage":6,"enemies":"Shell Parasite","floor":18,"turns":2},{"damage":1,"enemies":"Masked Bandits","floor":20,"turns":2},{"damage":0,"enemies":"Gremlin Leader","floor":23,"turns":4},{"damage":0,"enemies":"Slavers","floor":25,"turns":2},{"damage":0,"enemies":"Chosen","floor":27,"turns":2},{"damage":0,"enemies":"Book of Stabbing","floor":30,"turns":2},{"damage":0,"enemies":"Snake Plant","floor":31,"turns":2},{"damage":0,"enemies":"Automaton","floor":33,"turns":3},{"damage":0,"enemies":"Orb Walker","floor":35,"turns":3},{"damage":0,"enemies":"3 Darklings","floor":36,"turns":2},{"damage":12,"enemies":"4 Shapes","floor":37,"turns":4},{"damage":0,"enemies":"Maw","floor":38,"turns":4},{"damage":0,"enemies":"Writhing Mass","floor":39,"turns":2},{"damage":0,"enemies":"Sphere and 2 Shapes","floor":42,"turns":2},{"damage":0,"enemies":"Jaw Worm Horde","floor":45,"turns":1},{"damage":0,"enemies":"Nemesis","floor":47,"turns":4},{"damage":0,"enemies":"Spire Growth","floor":48,"turns":3},{"damage":0,"enemies":"Awakened One","floor":50,"turns":3},{"damage":19,"enemies":"Time Eater","floor":51,"turns":9},{"damage":0,"enemies":"Shield and Spear","floor":55,"turns":2},{"damage":0,"enemies":"The Heart","floor":56,"turns":9}],"green_key_taken_log":7,"seed_played":"-6130344242660040379","neow_bonus_log":{"cardsObtained":["FearNoEvil"],"cardsUpgraded":[],"cardsRemoved":[],"cardsTransformed":["Defend_P"],"relicsObtained":[],"maxHpGained":0,"goldGained":0,"damageTaken":0,"goldLost":0,"maxHpLost":0},"potions_obtained":[{"floor":4,"key":"Explosive Potion"},{"floor":5,"key":"Fruit Juice"},{"floor":7,"key":"SneckoOil"},{"floor":13,"key":"Swift Potion"},{"floor":16,"key":"PowerPotion"},{"floor":23,"key":"StancePotion"},{"floor":39,"key":"Ambrosia"}],"is_trial":false,"path_per_floor":["M","?","$","M","M","R","E","R","T","R","E","M","E","M","R","B",null,"M","?","?","$","?","E","$","E","T","M","?","R","E","M","R","B",null,"M","M","M","M","M","R","$","M","T","$","M","R","E","M","R","B","B",null,"R","$","E","B",null],"character_chosen":"WATCHER","items_purchased":["TalkToTheHand","Medical Kit","Swift Potion"],"campfire_rested":0,"item_purchase_floors":[41,41,54],"current_hp_per_floor":[61,61,61,61,59,59,37,37,44,44,42,42,44,44,44,27,67,63,63,64,64,64,66,66,68,68,70,70,70,72,74,74,76,79,80,80,68,70,72,72,80,80,80,80,80,80,80,80,80,80,61,75,80,80,80,80],"gold":103,"neow_bonus":"TRANSFORM_CARD","is_prod":false,"is_daily":false,"rewards_skipped":[{"floor":27,"relics":[],"potions":["StancePotion"]},{"floor":31,"relics":[],"potions":["BottledMiracle"]},{"floor":37,"relics":[],"potions":["AttackPotion"]},{"floor":42,"relics":[],"potions":["Block Potion"]}],"chose_seed":false,"campfire_upgraded":9,"win_rate":0,"floor_exit_playtime":[51,65,79,117,164,178,344,351,363,368,440,463,574,600,608,705,736,819,828,912,934,951,1059,1118,1207,1210,1263,1276,1284,1343,1422,1429,1553,1605,1659,1728,1903,2017,2109,2113,2140,2187,2190,2215,2269,2276,2376,2430,2479,2689,3031,3042,3049,3079,3142,3425],"timestamp":1670377629,"blue_key_relic_skipped_log":{"floor":26,"relicID":"Oddly Smooth Stone"},"path_taken":["M","?","$","M","M","R","E","R","T","R","E","M","E","?","R","BOSS","M","?","?","$","?","E","$","E","T","?","?","R","E","M","R","BOSS","M","?","M","M","M","R","$","M","T","$","M","R","E","M","R","BOSS","BOSS","R","$","E","BOSS"],"build_version":"2022-12-01","purchased_purges":4,"victory":true,"max_hp_per_floor":[68,68,68,68,68,68,68,68,75,75,75,75,80,80,80,80,80,80,80,80,80,80,80,80,80,80,80,80,80,80,80,80,80,80,80,80,80,80,80,80,80,80,80,80,80,80,80,80,80,80,80,80,80,80,80,80],"relic_stats":{"Gremlin Horn":[0,0],"counters":[30,93],"Yang":[429],"Eternal Feather":5,"Whetstone":["Strike_P","FollowUp"],"Orichalcum":[138],"Cursed Key":0,"Medical Kit":[9],"Sundial":[58],"Bird Faced Urn":[23],"Prayer Wheel":13,"MealTicket":8,"PureWater":[28],"obtain_stats":[{"Gremlin Horn":55,"Yang":11,"Eternal Feather":47,"Whetstone":23,"Orichalcum":2,"Cursed Key":34,"Medical Kit":41,"Sundial":25,"Strawberry":9,"Bird Faced Urn":13,"Prayer Wheel":7,"MealTicket":30,"Red Mask":20,"PureWater":0,"Runic Pyramid":17},{"Gremlin Horn":29,"Yang":5,"Eternal Feather":25,"Whetstone":12,"Orichalcum":1,"Cursed Key":17,"Medical Kit":22,"Sundial":13,"Strawberry":4,"Bird Faced Urn":7,"Prayer Wheel":4,"MealTicket":15,"Red Mask":11,"PureWater":0,"Runic Pyramid":9},{"Gremlin Horn":84,"Yang":15,"Eternal Feather":67,"Whetstone":34,"Orichalcum":2,"Cursed Key":45,"Medical Kit":60,"Sundial":36,"Strawberry":12,"Bird Faced Urn":19,"Prayer Wheel":12,"MealTicket":40,"Red Mask":30,"PureWater":0,"Runic Pyramid":26}]},"card_choices":[{"not_picked":["FearNoEvil","Prostrate"],"picked":"EmptyFist","floor":1},{"not_picked":["CutThroughFate","Protect"],"picked":"Tantrum","floor":4},{"not_picked":["ClearTheMind","FlyingSleeves"],"picked":"CutThroughFate","floor":5},{"not_picked":["Study","EmptyMind"],"picked":"Adaptation","floor":7},{"not_picked":["MasterReality","FlurryOfBlows","CrushJoints"],"picked":"SKIP","floor":11},{"not_picked":["Crescendo","BowlingBash","Collect"],"picked":"SKIP","floor":12},{"not_picked":["Crescendo","SashWhip","CrushJoints"],"picked":"SKIP","floor":12},{"not_picked":["Crescendo","BowlingBash","Collect"],"picked":"SKIP","floor":12},{"not_picked":["Crescendo","SashWhip","CrushJoints"],"picked":"SKIP","floor":12},{"not_picked":["SashWhip","BowlingBash"],"picked":"InnerPeace","floor":13},{"not_picked":["ClearTheMind","CutThroughFate","Protect"],"picked":"SKIP","floor":14},{"not_picked":["Halt","InnerPeace","ClearTheMind"],"picked":"SKIP","floor":14},{"not_picked":["DevaForm","Wish"],"picked":"Scrawl","floor":16},{"not_picked":["Pray","SashWhip"],"picked":"ClearTheMind+1","floor":18},{"not_picked":["Crescendo+1","CrushJoints","Protect"],"picked":"SKIP","floor":18},{"not_picked":["ClearTheMind","Crescendo"],"picked":"TalkToTheHand","floor":20},{"not_picked":["ForeignInfluence","FlyingSleeves","FollowUp"],"picked":"SKIP","floor":23},{"not_picked":["WreathOfFlame","PathToVictory+1","SandsOfTime"],"picked":"SKIP","floor":25},{"not_picked":["WheelKick","PathToVictory"],"picked":"Vault","floor":27},{"not_picked":["Protect","JustLucky","Crescendo"],"picked":"SKIP","floor":27},{"not_picked":["Protect","JustLucky","Crescendo"],"picked":"SKIP","floor":27},{"not_picked":["Crescendo","Consecrate","EmptyBody"],"picked":"SKIP","floor":30},{"not_picked":["WaveOfTheHand","CutThroughFate","BowlingBash"],"picked":"SKIP","floor":31},{"not_picked":["EmptyFist","BattleHymn","Prostrate"],"picked":"SKIP","floor":31},{"not_picked":["WaveOfTheHand","CutThroughFate","BowlingBash"],"picked":"SKIP","floor":31},{"not_picked":["EmptyFist","BattleHymn","Prostrate"],"picked":"SKIP","floor":31},{"not_picked":["EmptyMind","JustLucky","Weave"],"picked":"SKIP","floor":35},{"not_picked":["BowlingBash","LikeWater","CutThroughFate"],"picked":"SKIP","floor":35},{"not_picked":["BattleHymn+1","CutThroughFate","BowlingBash+1"],"picked":"SKIP","floor":36},{"not_picked":["ThirdEye","Indignation+1","CrushJoints"],"picked":"SKIP","floor":36},{"not_picked":["BattleHymn+1","CutThroughFate","BowlingBash+1"],"picked":"SKIP","floor":36},{"not_picked":["ThirdEye","Indignation+1","CrushJoints"],"picked":"SKIP","floor":36},{"not_picked":["ClearTheMind+1","FollowUp","SpiritShield"],"picked":"SKIP","floor":37},{"not_picked":["CarveReality","Crescendo","Collect"],"picked":"SKIP","floor":37},{"not_picked":["Indignation+1","DeceiveReality"],"picked":"Prostrate+1","floor":38},{"not_picked":["Swivel","SashWhip+1","SignatureMove+1"],"picked":"SKIP","floor":38},{"not_picked":["CarveReality+1","Crescendo+1","PathToVictory+1"],"picked":"SKIP","floor":39},{"not_picked":["Evaluate+1","CutThroughFate+1","Meditate"],"picked":"SKIP","floor":39},{"not_picked":["FlurryOfBlows","PathToVictory","Weave"],"picked":"SKIP","floor":42},{"not_picked":["ThirdEye+1","Halt","FlurryOfBlows"],"picked":"SKIP","floor":42},{"not_picked":["ThirdEye","Pray","Crescendo"],"picked":"SKIP","floor":45},{"not_picked":["SandsOfTime","Wallop","Protect+1"],"picked":"SKIP","floor":45},{"not_picked":["Halt","LessonLearned","BowlingBash"],"picked":"SKIP","floor":47},{"not_picked":["SashWhip","Evaluate","ThirdEye"],"picked":"SKIP","floor":48},{"not_picked":["BowlingBash","ThirdEye","Evaluate+1"],"picked":"SKIP","floor":48},{"not_picked":["ClearTheMind","CutThroughFate","BowlingBash"],"picked":"SKIP","floor":55}],"player_experience":4650626,"relics_obtained":[{"floor":7,"key":"Prayer Wheel"},{"floor":9,"key":"Strawberry"},{"floor":11,"key":"Yang"},{"floor":13,"key":"Bird Faced Urn"},{"floor":20,"key":"Red Mask"},{"floor":23,"key":"Whetstone"},{"floor":25,"key":"Sundial"},{"floor":30,"key":"MealTicket"},{"floor":47,"key":"Eternal Feather"},{"floor":55,"key":"Gremlin Horn"}],"event_choices":[{"cards_removed":["EmptyFist"],"damage_healed":0,"gold_gain":0,"player_choice":"Gave Card","damage_taken":0,"relics_obtained":["Orichalcum"],"max_hp_gain":0,"max_hp_loss":0,"event_name":"WeMeetAgain","floor":2,"gold_loss":0},{"damage_healed":0,"gold_gain":0,"player_choice":"Ignored","damage_taken":0,"max_hp_gain":0,"max_hp_loss":0,"event_name":"Cursed Tome","floor":19,"gold_loss":0},{"damage_healed":0,"gold_gain":0,"player_choice":"Fought Bandits","damage_taken":0,"max_hp_gain":0,"max_hp_loss":0,"event_name":"Masked Bandits","floor":20,"gold_loss":0},{"damage_healed":0,"gold_gain":0,"cards_transformed":["Defend_P","Strike_P"],"player_choice":"Became Test Subject","damage_taken":0,"max_hp_gain":0,"max_hp_loss":0,"event_name":"Drug Dealer","floor":22,"gold_loss":0,"cards_obtained":["FollowUp","Worship"]},{"damage_healed":0,"gold_gain":0,"player_choice":"Cursed","damage_taken":0,"max_hp_gain":0,"max_hp_loss":0,"event_name":"Wheel of Change","floor":28,"gold_loss":0,"cards_obtained":["Decay"]}],"is_beta":false,"boss_relics":[{"not_picked":["HolyWater","Snecko Eye"],"picked":"Runic Pyramid"},{"not_picked":["Astrolabe","Black Star"],"picked":"Cursed Key"}],"items_purged_floors":[3,21,24,41],"is_endless":false,"potions_floor_spawned":[4,5,7,13,16,23,27,31,37,39,42],"ascension_level":20,"potion_discard_per_floor":[[],[],[],[],[],[],[],[],[],[],[],[],[],[],[],["SneckoOil"],[],[],[],[],[],[],["PowerPotion"],[],[],[],[],[],[],[],[],[],[],[],[],[],[],[],["StancePotion"],[],[],[],[],[],[],[],[],[],[],[],[],[],[],[],[],[],[]]}