{"neow_bonuses_skipped_log":["THREE_CARDS","HUNDRED_GOLD","BOSS_RELIC"],"potions_obtained_entropic_brew":[[],[],[],[],[],[],[],[],[],[],[],[],[],[],[],[],[],[],[],[],[],[],[],[],[],[],[],[],[],[],[],[],[],[],[],[],[],[],[],[],[],[],[],[],[],[],[],[],[],[],[],[],[],[],[],[],[]],"neow_costs_skipped_log":["NONE","NONE","NONE"],"gold_per_floor":[116,134,134,144,12,42,56,87,87,121,134,8,19,31,31,108,108,127,145,145,145,145,178,93,124,147,181,191,221,221,21,21,98,148,166,103,158,158,158,158,185,185,185,216,236,252,252,287,287,287,287,287,287,50,80,80],"floor_reached":57,"playtime":3721,"items_purged":["Defend_P","Strike_P","CutThroughFate+1","CrushJoints+1"],"score":3622,"play_id":"5bb0ca51-43c4-499a-bd2e-ed29e7b12e45","local_time":"20221210185353","score_breakdown":["Floors Climbed (57): 285","Enemies Slain (13): 26","Exordium Elites Killed (3): 30","City Elites Killed (4): 80","Beyond Elites Killed (3): 90","Bosses Slain (5): 750","I Like Shiny: 50","Champion (7): 175","Beyond Perfect: 200","C-c-c-combo: 25","Ascension (20): 1661","Heartbreaker: 250"],"is_ascension_mode":true,"potions_obtained_alchemize":[[],[],[],[],[],[],[],[],[],[],[],[],[],[],[],[],[],[],[],[],[],[],[],[],[],[],[],[],[],[],[],[],[],[],[],[],[],[],[],[],[],[],[],[],[],[],[],[],[],[],[],[],[],[],[],[],[]],"campfire_choices":[{"floor":15,"key":"REST"},{"floor":30,"key":"RECALL"},{"data":"EmptyMind","floor":32,"key":"SMITH"},{"floor":40,"key":"DIG"},{"floor":42,"key":"DIG"},{"floor":47,"key":"DIG"},{"floor":49,"key":"DIG"},{"floor":53,"key":"DIG"}],"lesson_learned_per_floor":[["Eruption"],[],[],["Strike_P"],[],["LessonLearned"],["Tantrum"],["FlurryOfBlows"],[],["TalkToTheHand"],["Strike_P"],[],["Strike_P"],[],[],["Vigilance"],[],["MentalFortress"],["Halt"],[],[],[],[],[],["Adaptation"],[],["Ghostly"],["CrushJoints"],["Ghostly"],[],[],[],["Ghostly"],[],["FearNoEvil"],[],[],[],[],[],[],[],[],[],[],[],[],[],[],[],[],[],[],[],[],[],[]],"neow_cost":"PERCENT_DAMAGE","improvable_cards":{},"seed_source_timestamp":18161757227468,"shop_contents":[{"floor":5,"relics":["CloakClasp","Omamori","Medical Kit"],"cards":["FollowUp","Wallop","ThirdEye","Halt","DevaForm","Forethought","HandOfGreed"],"potions":["Ambrosia","Strength Potion"]},{"floor":12,"relics":["Mango","Nunchaku","PrismaticShard"],"cards":["CrushJoints","SashWhip","WaveOfTheHand","Nirvana","Mind Blast","Master of Strategy"],"potions":["Swift Potion","DistilledChaos","SpeedPotion"]},{"floor":20,"relics":["Bag of Preparation","Du-Vu Doll","DollysMirror"],"cards":["FlyingSleeves","JustLucky","Scrawl","Evaluate","LikeWater","Trip","Secret Technique"],"potions":["SpeedPotion","SteroidPotion","FairyPotion"]},{"floor":22,"relics":["CeramicFish","Boot","OrangePellets"],"cards":["SignatureMove","WheelKick","ThirdEye","Collect","Nirvana","Trip","HandOfGreed"],"potions":["BottledMiracle","Regen Potion","Regen Potion"]},{"floor":31,"relics":["Peace Pipe","TeardropLocket"],"cards":["JustLucky","PathToVictory","Halt","Nirvana","Good Instincts","Panache"],"potions":["Dexterity Potion","BottledMiracle","Dexterity Potion"]},{"floor":36,"relics":["Bag of Marbles","Eternal Feather","Chemical X"],"cards":["TalkToTheHand","CrushJoints","Worship","ClearTheMind","Fasting2","Dramatic Entrance","Sadistic Nature"],"potions":["Dexterity Potion","SteroidPotion","ColorlessPotion"]},{"floor":54,"relics":["Toolbox"],"cards":["LessonLearned+1","Tantrum+1","EmptyBody","ClearTheMind","Wireheading","Dramatic Entrance+1","Secret Weapon"],"potions":["ColorlessPotion","BottledMiracle","SpeedPotion"]}],"circlet_count":0,"master_deck":["AscendersBane","Eruption+1","Vigilance+1","LessonLearned+1","Tantrum+1","TalkToTheHand+1","FlurryOfBlows+1","Halt+1","MentalFortress+1","Vault+1","DeusExMachina+1","CutThroughFate+1","EmptyMind+1","Ghostly+1","Ghostly+1","Ghostly+1","Adaptation+1","FearNoEvil+1","Vault+1"],"potion_use_per_floor":[[],[],[],[],[],[],[],["Fire Potion"],[],[],[],[],[],[],[],[],[],[],[],[],[],[],[],[],[],[],[],[],[],[],[],[],[],[],[],[],[],[],[],[],[],[],[],["SteroidPotion"],[],[],[],[],[],[],[],[],[],[],[],[],[]],"relics":["PureWater","Unceasing Top","Mercury Hourglass","Ginger","Astrolabe","Letter Opener","Strawberry","Orichalcum","Centennial Puzzle","Matryoshka","Membership Card","Tiny House","Shovel","CaptainsWheel","Anchor","Whetstone","Calipers","Pen Nib","Oddly Smooth Stone","Art of War","Molten Egg 2","Blood Vial","Turnip","Lantern","Gremlin Horn","Vajra","War Paint","TungstenRod"],"potions_floor_usage":[8,44],"damage_taken":[{"damage":0,"enemies":"2 Louse","floor":1,"turns":2},{"damage":0,"enemies":"Cultist","floor":2,"turns":2},{"damage":2,"enemies":"Small Slimes","floor":4,"turns":2},{"damage":14,"enemies":"Lagavulin","floor":6,"turns":6},{"damage":0,"enemies":"Blue Slaver","floor":7,"turns":1},{"damage":12,"enemies":"3 Sentries","floor":8,"turns":3},{"damage":0,"enemies":"Lagavulin","floor":10,"turns":4},{"damage":0,"enemies":"Gremlin Gang","floor":11,"turns":3},{"damage":0,"enemies":"Large Slime","floor":13,"turns":2},{"damage":0,"enemies":"2 Fungi Beasts","floor":14,"turns":2},{"damage":17,"enemies":"The Guardian","floor":16,"turns":8},{"damage":0,"enemies":"Chosen","floor":18,"turns":4},{"damage":0,"enemies":"Shell Parasite","floor":19,"turns":3},{"damage":1,"enemies":"Slavers","floor":23,"turns":5},{"damage":0,"enemies":"Gremlin Leader","floor":25,"turns":5},{"damage":0,"enemies":"Slavers","floor":27,"turns":4},{"damage":0,"enemies":"Centurion and Healer","floor":28,"turns":4},{"damage":0,"enemies":"Gremlin Leader","floor":29,"turns":5},{"damage":0,"enemies":"Collector","floor":33,"turns":4},{"damage":0,"enemies":"3 Darklings","floor":35,"turns":4},{"damage":0,"enemies":"2 Orb Walkers","floor":37,"turns":4},{"damage":0,"enemies":"Reptomancer","floor":41,"turns":5},{"damage":0,"enemies":"Nemesis","floor":44,"turns":4},{"damage":0,"enemies":"Orb Walker","floor":45,"turns":3},{"damage":0,"enemies":"4 Shapes","floor":46,"turns":4},{"damage":0,"enemies":"Giant Head","floor":48,"turns":6},{"damage":0,"enemies":"Time Eater","floor":50,"turns":10},{"damage":0,"enemies":"Awakened One","floor":51,"turns":8},{"damage":1,"enemies":"Shield and Spear","floor":55,"turns":5},{"damage":3,"enemies":"The Heart","floor":56,"turns":11}],"green_key_taken_log":6,"seed_played":"2940242796862299708","neow_bonus_log":{"cardsObtained":["CrushJoints","LessonLearned"],"cardsUpgraded":[],"cardsRemoved":[],"cardsTransformed":["Defend_P","Defend_P"],"relicsObtained":[],"maxHpGained":0,"goldGained":0,"damageTaken":18,"goldLost":0,"maxHpLost":0},"potions_obtained":[{"floor":1,"key":"Dexterity Potion"},{"floor":7,"key":"FairyPotion"},{"floor":10,"key":"Explosive Potion"},{"floor":18,"key":"SteroidPotion"},{"floor":45,"key":"SmokeBomb"},{"floor":48,"key":"Energy Potion"}],"is_trial":false,"path_per_floor":["M","M","?","M","$","E","M","E","T","E","M","$","M","M","R","B",null,"M","M","$","?","$","E","?","E","T","E","M","E","R","$","R","B",null,"M","$","?","?","T","R","E","R","T","E","M","M","R","E","R","B","B",null,"R","$","E","B",null],"character_chosen":"WATCHER","items_purchased":["Fire Potion","Halt","Membership Card","FearNoEvil","Vajra","War Paint"],"campfire_rested":1,"item_purchase_floors":[5,12,31,31,54,54],"current_hp_per_floor":[43,43,43,41,41,27,27,15,15,15,15,15,15,15,35,18,56,56,56,56,34,34,33,33,40,40,40,40,40,40,40,40,40,46,46,46,46,44,44,44,44,44,44,44,44,44,44,44,44,44,44,44,44,44,43,41],"gold":80,"neow_bonus":"TRANSFORM_TWO_CARDS","is_prod":false,"is_daily":false,"rewards_skipped":[{"floor":11,"relics":[],"potions":["Energy Potion"]},{"floor":23,"relics":["Dead Branch"],"potions":[]},{"floor":25,"relics":[],"potions":["FearPotion"]},{"floor":28,"relics":[],"potions":["Regen Potion"]},{"floor":33,"relics":[],"potions":["FearPotion"]},{"floor":34,"relics":[],"potions":["ColorlessPotion"]},{"floor":35,"relics":[],"potions":["Dexterity Potion"]},{"floor":41,"relics":[],"potions":["BlessingOfTheForge"]},{"floor":55,"relics":[],"potions":["FairyPotion"]}],"chose_seed":false,"campfire_upgraded":1,"win_rate":0,"floor_exit_playtime":[88,127,135,165,185,471,500,595,627,808,909,954,977,1008,1017,1127,1193,1245,1295,1329,1341,1393,1538,1543,1643,1647,1747,1815,1925,1930,1966,1972,2081,2188,2242,2323,2419,2436,2454,2503,2623,2627,2630,2728,2756,2796,2800,2898,2901,3133,3312,3323,3327,3365,3471,3721],"timestamp":1670716433,"blue_key_relic_skipped_log":{"floor":9,"relicID":"GoldenEye"},"path_taken":["M","M","?","M","$","E","?","E","T","E","M","$","M","M","R","BOSS","M","?","?","?","$","E","?","E","T","E","M","E","R","$","R","BOSS","M","$","?","?","?","R","E","R","T","E","?","M","R","E","R","BOSS","BOSS","R","$","E","BOSS"],"build_version":"2022-12-01","purchased_purges":4,"victory":true,"max_hp_per_floor":[68,68,68,68,68,68,68,68,68,68,68,68,68,68,68,68,68,68,68,68,34,34,34,34,41,41,41,41,41,41,41,41,41,46,46,46,46,44,44,44,44,44,44,44,44,44,44,44,44,44,44,44,44,44,44,44],"relic_stats":{"Calipers":[2218],"Gremlin Horn":[1,1],"counters":[30,132],"Astrolabe":["Vault","DeusExMachina","CutThroughFate"],"Pen Nib":[17],"Ginger":[14],"Letter Opener":[348],"Whetstone":[],"Orichalcum":[66],"War Paint":[],"Mercury Hourglass":[550],"Blood Vial":1,"Centennial Puzzle":[6],"Matryoshka":2,"Shovel":5,"Turnip":[3],"Art of War":[6],"Membership Card":340,"PureWater":[23],"obtain_stats":[{"Lantern":49,"Tiny House":34,"Calipers":41,"Gremlin Horn":53,"Vajra":54,"Ginger":10,"Whetstone":40,"Blood Vial":47,"Centennial Puzzle":27,"Matryoshka":29,"Shovel":37,"Strawberry":25,"Astrolabe":17,"Oddly Smooth Stone":43,"Pen Nib":42,"Letter Opener":24,"Orichalcum":26,"War Paint":54,"Mercury Hourglass":8,"CaptainsWheel":39,"Anchor":39,"Molten Egg 2":44,"Turnip":48,"Art of War":43,"Membership Card":31,"PureWater":0,"Unceasing Top":6,"TungstenRod":55},{"Lantern":26,"Tiny House":19,"Calipers":22,"Gremlin Horn":28,"Vajra":28,"Ginger":7,"Whetstone":21,"Blood Vial":25,"Centennial Puzzle":16,"Matryoshka":18,"Shovel":21,"Strawberry":15,"Astrolabe":11,"Oddly Smooth Stone":22,"Pen Nib":22,"Letter Opener":14,"Orichalcum":15,"War Paint":28,"Mercury Hourglass":6,"CaptainsWheel":21,"Anchor":21,"Molten Egg 2":23,"Turnip":26,"Art of War":22,"Membership Card":18,"PureWater":0,"Unceasing Top":4,"TungstenRod":29},{"Lantern":98,"Tiny House":69,"Calipers":82,"Gremlin Horn":116,"Vajra":116,"Ginger":20,"Whetstone":77,"Blood Vial":92,"Centennial Puzzle":56,"Matryoshka":65,"Shovel":77,"Strawberry":52,"Astrolabe":35,"Oddly Smooth Stone":82,"Pen Nib":82,"Letter Opener":47,"Orichalcum":52,"War Paint":116,"Mercury Hourglass":16,"CaptainsWheel":77,"Anchor":77,"Molten Egg 2":86,"Turnip":98,"Art of War":82,"Membership Card":65,"PureWater":0,"Unceasing Top":12,"TungstenRod":121}],"Unceasing Top":[3],"TungstenRod":5},"card_choices":[{"not_picked":["Swivel","Crescendo"],"picked":"Tantrum","floor":1},{"not_picked":["EmptyFist","DeceiveReality"],"picked":"TalkToTheHand","floor":2},{"not_picked":["Evaluate","WreathOfFlame"],"picked":"FlurryOfBlows","floor":4},{"not_picked":["SashWhip","SandsOfTime","Prostrate"],"picked":"SKIP","floor":6},{"not_picked":["WheelKick","ForeignInfluence","ReachHeaven"],"picked":"SKIP","floor":7},{"not_picked":["SignatureMove","PathToVictory","Consecrate"],"picked":"SKIP","floor":8},{"not_picked":["ClearTheMind","EmptyFist","Alpha"],"picked":"SKIP","floor":10},{"not_picked":["SashWhip","Prostrate","Protect"],"picked":"SKIP","floor":11},{"not_picked":["Perseverance","Nirvana"],"picked":"MentalFortress","floor":13},{"not_picked":["JustLucky","WreathOfFlame","Halt"],"picked":"SKIP","floor":14},{"not_picked":["Evaluate","JustLucky"],"picked":"EmptyMind","floor":18},{"not_picked":["Study","EmptyFist","SandsOfTime"],"picked":"SKIP","floor":19},{"not_picked":["ClearTheMind","Halt+1"],"picked":"Adaptation","floor":23},{"not_picked":["Vengeance","Tantrum","FollowUp"],"picked":"SKIP","floor":25},{"not_picked":["PathToVictory","TalkToTheHand","CarveReality"],"picked":"SKIP","floor":27},{"not_picked":["EmptyBody","ClearTheMind"],"picked":"CutThroughFate+1","floor":28},{"not_picked":["FlyingSleeves","CrushJoints","Weave"],"picked":"SKIP","floor":29},{"not_picked":["ConjureBlade","Ragnarok"],"picked":"Vault","floor":33},{"not_picked":["EmptyBody","ForeignInfluence+1","Evaluate+1"],"picked":"SKIP","floor":35},{"not_picked":["Nirvana","Evaluate","CutThroughFate"],"picked":"SKIP","floor":37},{"not_picked":["CutThroughFate+1","Consecrate","Sanctity+1"],"picked":"SKIP","floor":41},{"not_picked":["ReachHeaven+1","CrushJoints+1","Protect"],"picked":"SKIP","floor":44},{"not_picked":["CarveReality+1","PathToVictory","Devotion"],"picked":"SKIP","floor":45},{"not_picked":["ThirdEye+1","Halt+1","EmptyFist+1"],"picked":"SKIP","floor":46},{"not_picked":["Prostrate","MentalFortress","JustLucky+1"],"picked":"SKIP","floor":48},{"not_picked":["DeceiveReality","EmptyBody","Tantrum+1"],"picked":"SKIP","floor":55}],"player_experience":4683499,"relics_obtained":[{"floor":6,"key":"Unceasing Top"},{"floor":8,"key":"Mercury Hourglass"},{"floor":10,"key":"Ginger"},{"floor":25,"key":"Strawberry"},{"floor":26,"key":"Orichalcum"},{"floor":27,"key":"Centennial Puzzle"},{"floor":29,"key":"Matryoshka"},{"floor":37,"key":"Shovel"},{"floor":39,"key":"CaptainsWheel"},{"floor":39,"key":"Anchor"},{"floor":40,"key":"Whetstone"},{"floor":41,"key":"Calipers"},{"floor":42,"key":"Pen Nib"},{"floor":43,"key":"Oddly Smooth Stone"},{"floor":43,"key":"Art of War"},{"floor":44,"key":"Molten Egg 2"},{"floor":47,"key":"Blood Vial"},{"floor":48,"key":"Turnip"},{"floor":49,"key":"Lantern"},{"floor":53,"key":"Gremlin Horn"},{"floor":55,"key":"TungstenRod"}],"event_choices":[{"cards_removed":["Defend_P"],"damage_healed":0,"gold_gain":0,"player_choice":"Offered Basic","damage_taken":0,"max_hp_gain":0,"max_hp_loss":0,"event_name":"Bonfire Elementals","floor":3,"gold_loss":0},{"damage_healed":0,"gold_gain":0,"player_choice":"Became a Ghost","damage_taken":0,"max_hp_gain":0,"max_hp_loss":34,"event_name":"Ghosts","floor":21,"gold_loss":0,"cards_obtained":["Ghostly","Ghostly","Ghostly"]},{"damage_healed":0,"gold_gain":0,"player_choice":"Obtained Relic","damage_taken":0,"relics_obtained":["Letter Opener"],"max_hp_gain":0,"max_hp_loss":0,"event_name":"Addict","floor":24,"gold_loss":85},{"damage_healed":0,"gold_gain":0,"player_choice":"Fight","damage_taken":0,"max_hp_gain":0,"max_hp_loss":0,"event_name":"Mysterious Sphere","floor":37,"gold_loss":0},{"damage_healed":0,"gold_gain":0,"player_choice":"Max HP","damage_taken":0,"max_hp_gain":0,"max_hp_loss":2,"event_name":"Winding Halls","floor":38,"gold_loss":0}],"is_beta":false,"boss_relics":[{"not_picked":["Philosopher\u0027s Stone","Black Star"],"picked":"Astrolabe"},{"not_picked":["Sozu","Runic Dome"],"picked":"Tiny House"}],"items_purged_floors":[5,12,36,54],"is_endless":false,"potions_floor_spawned":[1,7,10,11,18,25,28,33,35,41,45,48,55],"ascension_level":20,"potion_discard_per_floor":[[],[],[],[],[],[],["Dexterity Potion"],[],[],[],[],[],[],[],[],[],[],["Explosive Potion"],[],[],[],[],[],[],[],[],[],[],[],[],[],[],[],[],[],[],[],[],[],[],[],[],[],[],[],[],[],["SmokeBomb"],[],[],[],[],[],[],[],[],[]]}