{"neow_bonuses_skipped_log":["UPGRADE_CARD","TEN_PERCENT_HP_BONUS","BOSS_RELIC"],"neow_costs_skipped_log":["NONE","NONE","NONE"],"potions_obtained_entropic_brew":[[],[],[],[],[],[],[],[],[],[],[],[],["Weak Potion","AttackPotion"],[],[],[],[],[],[],[],[],[],[],[],[],[],[],[],[],[],[],[],[],[],[],[],[],[],[],[],[],[],[],[],[],[],[],[],[],[],[],[],[],[],[],[],[]],"gold_per_floor":[367,292,292,96,107,141,141,153,178,219,219,245,264,281,281,364,364,377,252,261,299,94,121,131,131,206,233,254,267,267,92,92,179,179,194,219,219,219,219,231,231,265,333,353,381,397,397,416,416,416,416,416,416,60,92,92],"floor_reached":57,"playtime":3611,"items_purged":["Defend_P","Defend_P","Defend_P","Strike_P","Strike_P","Vigilance+1"],"score":3325,"play_id":"73a4a1f3-c343-4190-b7d9-04e4a9879c4c","local_time":"20221204210813","score_breakdown":["Floors Climbed (57): 285","Enemies Slain (15): 30","Exordium Elites Killed (3): 30","City Elites Killed (1): 20","Beyond Elites Killed (2): 60","Bosses Slain (5): 750","Money Money (1125): 25","Champion (4): 100","Beyond Perfect: 200","Overkill: 25","C-c-c-combo: 25","Ascension (20): 1525","Heartbreaker: 250"],"is_ascension_mode":true,"potions_obtained_alchemize":[[],[],[],[],[],[],[],[],[],[],[],[],[],[],[],[],[],[],[],[],[],[],[],[],[],[],[],[],[],[],[],[],[],[],[],[],[],[],[],[],[],[],[],[],[],[],[],[],[],[],[],[],[],[],[],[],[]],"campfire_choices":[{"data":"WheelKick","floor":7,"key":"SMITH"},{"data":"Adaptation","floor":15,"key":"SMITH"},{"floor":25,"key":"REST"},{"data":"Strike_P+1","floor":32,"key":"PURGE"},{"floor":41,"key":"RECALL"},{"data":"Swivel+1","floor":47,"key":"PURGE"},{"data":"EmptyFist+1","floor":49,"key":"PURGE"},{"data":"Eruption+1","floor":53,"key":"PURGE"}],"lesson_learned_per_floor":[[],[],[],[],[],[],[],[],[],[],[],[],[],[],[],[],[],["Strike_P"],[],[],[],[],["LessonLearned"],["Tantrum"],[],[],[],["Scrawl"],["Vigilance"],[],[],[],["Eruption"],[],["MentalFortress"],["Ghostly"],[],[],[],["MentalFortress"],[],["InnerPeace"],[],[],["Vault"],["Swivel"],[],["Ghostly"],[],["TalkToTheHand"],[],[],[],[],["Ghostly"],[],[]],"neow_cost":"TEN_PERCENT_HP_LOSS","improvable_cards":{},"seed_source_timestamp":8312524478372,"shop_contents":[{"floor":2,"relics":["Dead Branch","Thread and Needle","DollysMirror"],"cards":["CutThroughFate","FollowUp","Sanctity","Swivel","Fasting2","Impatience","Metamorphosis"],"potions":["SpeedPotion","EssenceOfSteel","SneckoOil"]},{"floor":4,"relics":["Juzu Bracelet","Lantern","Lee\u0027s Waffle"],"cards":["SashWhip","Weave","ClearTheMind","Indignation","PanicButton","Sadistic Nature"],"potions":["FearPotion","CultistPotion"]},{"floor":19,"relics":["Bag of Marbles","Orichalcum","ClockworkSouvenir"],"cards":["ReachHeaven","LessonLearned","SpiritShield","Evaluate","Fasting2","Swift Strike","Chrysalis"],"potions":["EntropicBrew","Fire Potion","Fire Potion"]},{"floor":22,"relics":["Whetstone","Pen Nib","Sling"],"cards":["BowlingBash","CutThroughFate","ForeignInfluence","PathToVictory","BattleHymn","Bandage Up","Metamorphosis"],"potions":["StancePotion","EssenceOfSteel"]},{"floor":31,"relics":["Potion Belt","Mercury Hourglass","Chemical X"],"cards":["Wallop","SignatureMove","Swivel","PathToVictory","Wireheading","Bandage Up","HandOfGreed"],"potions":["LiquidMemories","AttackPotion","BottledMiracle"]},{"floor":54,"relics":["Blood Vial"],"cards":["FollowUp","BowlingBash","Swivel","Prostrate","Study","Purity","The Bomb"],"potions":["BlessingOfTheForge","Swift Potion","ColorlessPotion"]}],"circlet_count":0,"master_deck":["AscendersBane","Tantrum+1","MentalFortress+1","WheelKick+1","TalkToTheHand+1","Adaptation+1","LessonLearned+1","MentalFortress+1","Scrawl+1","Ghostly+1","Ghostly+1","Ghostly+1","InnerPeace+1","Vault+1"],"potion_use_per_floor":[[],[],[],[],[],["DuplicationPotion"],[],[],[],["Block Potion"],[],[],["EntropicBrew","AttackPotion"],[],[],[],[],["BottledMiracle"],[],[],[],[],["Strength Potion"],[],[],[],[],[],[],[],[],[],[],[],[],[],[],[],[],[],[],[],[],[],[],[],[],[],[],[],[],[],[],[],[],["LiquidMemories"],[]],"relics":["PureWater","Happy Flower","Dream Catcher","CeramicFish","Pantograph","Prayer Wheel","SlaversCollar","Peace Pipe","Black Star","Turnip","Du-Vu Doll","MealTicket","Ornamental Fan","Mummified Hand","TungstenRod","Membership Card","Nunchaku","Oddly Smooth Stone","Lizard Tail"],"potions_floor_usage":[6,10,13,13,18,23,56],"damage_taken":[{"damage":0,"enemies":"Cultist","floor":1,"turns":3},{"damage":5,"enemies":"Small Slimes","floor":5,"turns":2},{"damage":0,"enemies":"Lagavulin","floor":6,"turns":4},{"damage":0,"enemies":"2 Louse","floor":8,"turns":2},{"damage":16,"enemies":"3 Sentries","floor":10,"turns":4},{"damage":16,"enemies":"Lagavulin","floor":12,"turns":6},{"damage":0,"enemies":"Exordium Thugs","floor":13,"turns":1},{"damage":0,"enemies":"3 Louse","floor":14,"turns":3},{"damage":0,"enemies":"Slime Boss","floor":16,"turns":7},{"damage":0,"enemies":"3 Byrds","floor":18,"turns":4},{"damage":0,"enemies":"Chosen","floor":21,"turns":3},{"damage":21,"enemies":"Slavers","floor":23,"turns":3},{"damage":11,"enemies":"Centurion and Healer","floor":24,"turns":10},{"damage":12,"enemies":"3 Cultists","floor":28,"turns":5},{"damage":2,"enemies":"Shelled Parasite and Fungi","floor":29,"turns":4},{"damage":0,"enemies":"Automaton","floor":33,"turns":4},{"damage":2,"enemies":"3 Shapes","floor":35,"turns":3},{"damage":0,"enemies":"Mind Bloom Boss Battle","floor":36,"turns":3},{"damage":0,"enemies":"Orb Walker","floor":40,"turns":3},{"damage":0,"enemies":"Reptomancer","floor":42,"turns":3},{"damage":0,"enemies":"Transient","floor":44,"turns":7},{"damage":0,"enemies":"Giant Head","floor":45,"turns":5},{"damage":0,"enemies":"Writhing Mass","floor":46,"turns":6},{"damage":0,"enemies":"4 Shapes","floor":48,"turns":5},{"damage":0,"enemies":"Donu and Deca","floor":50,"turns":4},{"damage":0,"enemies":"Awakened One","floor":51,"turns":5},{"damage":0,"enemies":"Shield and Spear","floor":55,"turns":2},{"damage":2,"enemies":"The Heart","floor":56,"turns":6}],"green_key_taken_log":10,"seed_played":"-8238239669110379347","neow_bonus_log":{"cardsObtained":[],"cardsUpgraded":[],"cardsRemoved":[],"cardsTransformed":[],"relicsObtained":[],"maxHpGained":0,"goldGained":250,"damageTaken":0,"goldLost":0,"maxHpLost":6},"potions_obtained":[{"floor":1,"key":"DuplicationPotion"},{"floor":10,"key":"SpeedPotion"},{"floor":12,"key":"EntropicBrew"},{"floor":16,"key":"BottledMiracle"},{"floor":21,"key":"SmokeBomb"},{"floor":24,"key":"ColorlessPotion"},{"floor":28,"key":"LiquidMemories"},{"floor":40,"key":"GamblersBrew"}],"is_trial":false,"path_per_floor":["M","$","?","$","M","E","R","M","T","E","?","E","M","M","R","B",null,"M","$","?","M","$","E","M","R","T","?","M","M","?","$","R","B",null,"M","?","?","?","?","M","R","E","T","M","E","M","R","M","R","B","B",null,"R","$","E","B",null],"character_chosen":"WATCHER","items_purchased":["MentalFortress","Block Potion","Strength Potion","Membership Card","Nunchaku"],"campfire_rested":1,"item_purchase_floors":[4,4,22,54,54],"current_hp_per_floor":[61,61,54,54,49,49,49,49,49,33,33,17,17,17,17,42,57,57,57,57,57,57,36,25,43,43,31,19,17,17,17,17,31,31,29,31,31,29,19,19,19,19,19,19,19,19,19,19,19,29,29,29,29,29,29,27],"gold":92,"neow_bonus":"TWO_FIFTY_GOLD","is_prod":false,"is_daily":false,"rewards_skipped":[{"floor":5,"relics":[],"potions":["BlessingOfTheForge"]},{"floor":42,"relics":[],"potions":["PowerPotion"]},{"floor":44,"relics":[],"potions":["BlessingOfTheForge"]},{"floor":46,"relics":[],"potions":["EntropicBrew"]}],"chose_seed":false,"campfire_upgraded":2,"win_rate":0,"floor_exit_playtime":[54,85,90,127,172,291,316,354,358,476,481,588,772,824,829,909,941,1066,1092,1100,1174,1206,1309,1489,1525,1538,1544,1663,1745,1748,1760,1799,1937,1980,2054,2164,2166,2170,2197,2253,2256,2338,2340,2543,2652,2859,2903,2975,2994,3126,3287,3298,3335,3351,3429,3611],"timestamp":1670206093,"blue_key_relic_skipped_log":{"floor":26,"relicID":"Bottled Tornado"},"path_taken":["M","$","?","$","M","E","R","M","T","E","?","E","M","M","R","BOSS","M","?","?","M","$","E","?","R","T","?","M","M","?","$","R","BOSS","M","?","?","?","?","M","R","E","T","M","E","?","R","M","R","BOSS","BOSS","R","$","E","BOSS"],"build_version":"2022-12-01","purchased_purges":6,"victory":true,"max_hp_per_floor":[62,62,62,62,62,62,62,62,62,62,62,62,62,62,62,62,62,62,62,62,62,62,62,62,62,62,31,31,31,31,31,31,31,31,31,31,31,29,29,29,29,29,29,29,29,29,29,29,29,29,29,29,29,29,29,29],"relic_stats":{"Happy Flower":[36],"counters":[28,117],"CeramicFish":108,"Peace Pipe":4,"Dream Catcher":1,"Nunchaku":[6],"Lizard Tail":0,"Ornamental Fan":[260],"Mummified Hand":[24],"Pantograph":51,"Prayer Wheel":12,"MealTicket":0,"Turnip":[2],"Black Star":3,"Membership Card":184,"PureWater":[25],"obtain_stats":[{"Happy Flower":6,"CeramicFish":10,"Oddly Smooth Stone":55,"Peace Pipe":23,"Du-Vu Doll":42,"SlaversCollar":17,"Dream Catcher":9,"Nunchaku":54,"Lizard Tail":55,"Ornamental Fan":43,"Mummified Hand":45,"Pantograph":11,"Prayer Wheel":12,"MealTicket":42,"Turnip":36,"Black Star":34,"Membership Card":54,"PureWater":0,"TungstenRod":45},{"Happy Flower":3,"CeramicFish":5,"Oddly Smooth Stone":27,"Peace Pipe":12,"Du-Vu Doll":20,"SlaversCollar":9,"Dream Catcher":4,"Nunchaku":26,"Lizard Tail":27,"Ornamental Fan":20,"Mummified Hand":22,"Pantograph":5,"Prayer Wheel":6,"MealTicket":20,"Turnip":18,"Black Star":16,"Membership Card":26,"PureWater":0,"TungstenRod":22},{"Happy Flower":9,"CeramicFish":15,"Oddly Smooth Stone":111,"Peace Pipe":42,"Du-Vu Doll":77,"SlaversCollar":32,"Dream Catcher":11,"Nunchaku":109,"Lizard Tail":111,"Ornamental Fan":77,"Mummified Hand":89,"Pantograph":15,"Prayer Wheel":21,"MealTicket":77,"Turnip":71,"Black Star":65,"Membership Card":109,"PureWater":0,"TungstenRod":89}],"TungstenRod":32},"card_choices":[{"not_picked":["Wireheading","ForeignInfluence"],"picked":"Tantrum","floor":1},{"not_picked":["JustLucky","Tantrum"],"picked":"WheelKick","floor":5},{"not_picked":["Protect","CrushJoints","Nirvana"],"picked":"SKIP","floor":6},{"not_picked":["Evaluate","Study","Halt"],"picked":"SKIP","floor":8},{"not_picked":["Evaluate","FollowUp"],"picked":"TalkToTheHand","floor":10},{"not_picked":["ClearTheMind","DeceiveReality","EmptyBody"],"picked":"SKIP","floor":12},{"not_picked":["FearNoEvil","ThirdEye"],"picked":"Adaptation","floor":13},{"not_picked":["EmptyBody","WreathOfFlame","ReachHeaven"],"picked":"SKIP","floor":13},{"not_picked":["BowlingBash","Indignation","EmptyFist"],"picked":"SKIP","floor":14},{"not_picked":["Wish","BowlingBash","Nirvana"],"picked":"SKIP","floor":14},{"not_picked":["ConjureBlade","DevaForm"],"picked":"LessonLearned","floor":16},{"not_picked":["Perseverance","Evaluate","WindmillStrike"],"picked":"SKIP","floor":18},{"not_picked":["ThirdEye","Fasting2","EmptyBody"],"picked":"SKIP","floor":18},{"not_picked":["FlyingSleeves","WreathOfFlame"],"picked":"Scrawl","floor":21},{"not_picked":["JustLucky+1","EmptyBody"],"picked":"EmptyFist+1","floor":21},{"not_picked":["BowlingBash","SashWhip","Weave"],"picked":"SKIP","floor":23},{"not_picked":["SandsOfTime","MentalFortress","Prostrate"],"picked":"SKIP","floor":24},{"not_picked":["WheelKick","ThirdEye","Tantrum"],"picked":"SKIP","floor":24},{"not_picked":["Halt","BowlingBash"],"picked":"InnerPeace","floor":28},{"not_picked":["ClearTheMind","WheelKick","SashWhip+1"],"picked":"SKIP","floor":28},{"not_picked":["ClearTheMind+1","JustLucky","FlyingSleeves"],"picked":"SKIP","floor":29},{"not_picked":["Protect","JustLucky+1","SignatureMove"],"picked":"SKIP","floor":29},{"not_picked":["MasterReality","Brilliance"],"picked":"Vault","floor":33},{"not_picked":["Fasting2","Evaluate","FollowUp"],"picked":"SKIP","floor":35},{"not_picked":["Prostrate+1","Protect","Study"],"picked":"SKIP","floor":35},{"not_picked":["Vengeance","FollowUp","SashWhip+1"],"picked":"SKIP","floor":36},{"not_picked":["Jack Of All Trades","Discovery","Impatience"],"picked":"SKIP","floor":39},{"not_picked":["Metamorphosis","Good Instincts","Purity"],"picked":"SKIP","floor":39},{"not_picked":["Dark Shackles","Chrysalis","Violence"],"picked":"SKIP","floor":39},{"not_picked":["Study+1","BowlingBash","EmptyFist+1"],"picked":"SKIP","floor":40},{"not_picked":["Tantrum","SashWhip","EmptyBody"],"picked":"SKIP","floor":40},{"not_picked":["PathToVictory","CutThroughFate","Perseverance"],"picked":"SKIP","floor":42},{"not_picked":["ClearTheMind","BowlingBash"],"picked":"Swivel","floor":44},{"not_picked":["CutThroughFate+1","FollowUp","DeusExMachina"],"picked":"SKIP","floor":44},{"not_picked":["Consecrate+1","Protect","BattleHymn+1"],"picked":"SKIP","floor":45},{"not_picked":["Protect","ClearTheMind","DeceiveReality"],"picked":"SKIP","floor":46},{"not_picked":["Sanctity+1","CutThroughFate","BowlingBash"],"picked":"SKIP","floor":46},{"not_picked":["TalkToTheHand+1","FlyingSleeves","SashWhip"],"picked":"SKIP","floor":48},{"not_picked":["Wallop+1","Evaluate","FlurryOfBlows"],"picked":"SKIP","floor":48},{"not_picked":["MasterReality","Evaluate+1","Vengeance"],"picked":"SKIP","floor":55}],"player_experience":4626952,"relics_obtained":[{"floor":6,"key":"Happy Flower"},{"floor":9,"key":"Dream Catcher"},{"floor":10,"key":"CeramicFish"},{"floor":12,"key":"Prayer Wheel"},{"floor":23,"key":"Peace Pipe"},{"floor":36,"key":"Turnip"},{"floor":42,"key":"Du-Vu Doll"},{"floor":42,"key":"MealTicket"},{"floor":43,"key":"Ornamental Fan"},{"floor":45,"key":"Mummified Hand"},{"floor":45,"key":"TungstenRod"},{"floor":55,"key":"Oddly Smooth Stone"},{"floor":55,"key":"Lizard Tail"}],"event_choices":[{"cards_removed":["Defend_P"],"damage_healed":0,"gold_gain":0,"player_choice":"Card Removal","damage_taken":7,"max_hp_gain":0,"max_hp_loss":0,"event_name":"Golden Wing","floor":3,"gold_loss":0},{"damage_healed":0,"gold_gain":0,"player_choice":"Gave Potion","damage_taken":0,"relics_obtained":["Pantograph"],"max_hp_gain":0,"max_hp_loss":0,"event_name":"WeMeetAgain","floor":11,"gold_loss":0},{"damage_healed":0,"gold_gain":0,"cards_transformed":["Strike_P"],"player_choice":"Transformed","damage_taken":0,"max_hp_gain":0,"max_hp_loss":0,"event_name":"Transmorgrifier","floor":20,"gold_loss":0,"cards_obtained":["MentalFortress"]},{"damage_healed":0,"gold_gain":0,"player_choice":"Became a Ghost","damage_taken":0,"max_hp_gain":0,"max_hp_loss":31,"event_name":"Ghosts","floor":27,"gold_loss":0,"cards_obtained":["Ghostly","Ghostly","Ghostly"]},{"damage_healed":0,"gold_gain":0,"player_choice":"Ignored","damage_taken":0,"max_hp_gain":0,"max_hp_loss":0,"event_name":"Vampires","floor":30,"gold_loss":0},{"damage_healed":0,"gold_gain":0,"player_choice":"Fight","damage_taken":0,"max_hp_gain":0,"max_hp_loss":0,"event_name":"MindBloom","floor":36,"gold_loss":0},{"damage_healed":0,"gold_gain":0,"player_choice":"Ignored","damage_taken":0,"max_hp_gain":0,"max_hp_loss":0,"event_name":"Tomb of Lord Red Mask","floor":37,"gold_loss":0},{"damage_healed":0,"gold_gain":0,"player_choice":"Max HP","damage_taken":0,"max_hp_gain":0,"max_hp_loss":2,"event_name":"Winding Halls","floor":38,"gold_loss":0},{"damage_healed":0,"gold_gain":0,"player_choice":"Memory 3","damage_taken":10,"max_hp_gain":0,"max_hp_loss":0,"event_name":"SensoryStone","floor":39,"gold_loss":0}],"is_beta":false,"boss_relics":[{"not_picked":["Busted Crown","Velvet Choker"],"picked":"SlaversCollar"},{"not_picked":["Sozu","Pandora\u0027s Box"],"picked":"Black Star"}],"items_purged_floors":[2,4,19,22,31,54],"is_endless":false,"potions_floor_spawned":[1,5,10,12,16,21,24,28,40,42,44,46],"ascension_level":20,"potion_discard_per_floor":[[],[],[],[],[],[],[],[],[],[],[],[],[],[],[],[],[],[],[],[],[],["SmokeBomb"],[],[],[],[],[],["Weak Potion"],[],[],[],[],[],[],[],[],[],[],[],["ColorlessPotion"],[],[],[],[],[],[],[],[],[],[],[],[],[],[],[],[],[]]}