{"neow_bonuses_skipped_log":["THREE_CARDS","TEN_PERCENT_HP_BONUS","ONE_RARE_RELIC"],"neow_costs_skipped_log":["NONE","NONE","CURSE"],"potions_obtained_entropic_brew":[[],[],[],[],[],[],[],[],[],[],[],[],[],[],[],[],[],[],[],[],[],[],[],[],[],[],[],[],[],[],[],[],[],[],[],[],[],[],[],[],[],[],[],[],[],[],[],[],[],[],[],[],[],[],[],[],[]],"gold_per_floor":[119,133,133,151,151,151,168,168,168,93,118,118,144,44,44,116,116,131,131,54,54,73,73,84,113,160,188,200,234,248,282,282,358,358,369,389,264,312,332,359,359,390,390,390,406,406,88,88,88,88,88,88,88,88,120,120],"floor_reached":57,"playtime":4430,"items_purged":["Defend_P","Strike_P","Strike_P"],"score":3017,"play_id":"8093aeeb-cd41-4726-a60a-c26fa88415f6","local_time":"20221211154243","score_breakdown":["Floors Climbed (57): 285","Enemies Slain (13): 26","Exordium Elites Killed (2): 20","City Elites Killed (4): 80","Beyond Elites Killed (2): 60","Bosses Slain (5): 750","Collector (1): 25","Champion (3): 75","Perfect (1): 50","C-c-c-combo: 25","Ascension (20): 1371","Heartbreaker: 250"],"is_ascension_mode":true,"potions_obtained_alchemize":[[],[],[],[],[],[],[],[],[],[],[],[],[],[],[],[],[],[],[],[],[],[],[],[],[],[],[],[],[],[],[],[],[],[],[],[],[],[],[],[],[],[],[],[],[],[],[],[],[],[],[],[],[],[],[],[],[]],"campfire_choices":[{"data":"Eruption","floor":6,"key":"SMITH"},{"data":"EmptyFist","floor":8,"key":"SMITH"},{"data":"Consecrate","floor":12,"key":"SMITH"},{"data":"Wallop","floor":15,"key":"SMITH"},{"data":"Meditate","floor":23,"key":"SMITH"},{"data":"EmptyMind","floor":32,"key":"SMITH"},{"floor":44,"key":"RECALL"},{"data":"Vault","floor":46,"key":"SMITH"},{"data":"Prostrate","floor":49,"key":"SMITH"},{"data":"Vigilance","floor":53,"key":"SMITH"}],"lesson_learned_per_floor":[[],[],[],[],[],[],[],[],[],[],[],[],[],[],[],[],[],[],[],[],[],[],[],[],[],[],[],[],[],[],[],[],[],[],[],[],[],[],[],[],[],[],[],[],[],[],[],[],[],[],[],[],[],[],[],[],[]],"neow_cost":"NONE","improvable_cards":{},"seed_source_timestamp":2874479818136,"shop_contents":[{"floor":10,"relics":["Pear","Ornamental Fan","Chemical X"],"cards":["FlyingSleeves","Wallop","Crescendo","Perseverance","LikeWater+1","Purity","Chrysalis"],"potions":["SmokeBomb","SkillPotion","StancePotion"]},{"floor":14,"relics":["Potion Belt","Matryoshka","ClockworkSouvenir"],"cards":["EmptyFist","BowlingBash","Evaluate","ForeignInfluence","Study+1","Madness","Apotheosis"],"potions":["GamblersBrew","SneckoOil","Swift Potion"]},{"floor":20,"relics":["Pocketwatch","Akabeko","HandDrill"],"cards":["EmptyFist","TalkToTheHand","ClearTheMind","EmptyBody","Impatience","Master of Strategy"],"potions":["EssenceOfSteel","Regen Potion","Energy Potion"]},{"floor":37,"relics":["Darkstone Periapt","Happy Flower","Lee\u0027s Waffle"],"cards":["BowlingBash+1","FlurryOfBlows+1","Evaluate","EmptyBody","Wireheading+1","Jack Of All Trades","Mayhem+1"],"potions":["PowerPotion","Dexterity Potion","SneckoOil"]},{"floor":47,"relics":["Ancient Tea Set","Sling"],"cards":["BowlingBash+1","Weave+1","Wish","DeusExMachina","Wireheading+1","Blind","Magnetism+1"],"potions":["SkillPotion","BottledMiracle","DistilledChaos"]},{"floor":54,"relics":["Toy Ornithopter","TungstenRod","Toolbox"],"cards":["ReachHeaven+1","FollowUp+1","PathToVictory","ThirdEye","Nirvana+1","Purity","Thinking Ahead"],"potions":["ColorlessPotion","Dexterity Potion","BottledMiracle"]}],"circlet_count":0,"master_deck":["AscendersBane","Eruption+1","Vigilance+1","Consecrate+1","Wallop+1","EmptyFist+1","FearNoEvil","Ghostly","Ghostly","Ghostly","MentalFortress+1","EmptyFist","Meditate+1","EmptyMind+1","Tantrum+1","Devotion+1","Vault+1","Prostrate+1","CutThroughFate+1","Establishment+1","Pray+1","CutThroughFate+1","Ghostly","Adaptation+1"],"potion_use_per_floor":[[],[],[],[],[],[],[],[],[],[],["Fire Potion"],[],[],[],[],[],[],[],[],[],[],[],[],[],[],[],[],[],["GamblersBrew"],[],[],[],[],[],[],[],[],[],[],[],[],[],[],[],[],[],[],[],[],[],[],[],[],[],[],[],[]],"relics":["Empty Cage","Frozen Egg 2","Singing Bowl","Torii","Coffee Dripper","Prayer Wheel","Molten Egg 2","Bottled Lightning","Blue Candle","SlaversCollar","Bird Faced Urn","Kunai","TeardropLocket","Mercury Hourglass","Incense Burner","Bronze Scales"],"potions_floor_usage":[11,29],"damage_taken":[{"damage":0,"enemies":"Small Slimes","floor":1,"turns":2},{"damage":1,"enemies":"Cultist","floor":2,"turns":4},{"damage":0,"enemies":"2 Louse","floor":4,"turns":2},{"damage":12,"enemies":"2 Fungi Beasts","floor":7,"turns":4},{"damage":13,"enemies":"3 Sentries","floor":11,"turns":3},{"damage":11,"enemies":"Lagavulin","floor":13,"turns":5},{"damage":1,"enemies":"Slime Boss","floor":16,"turns":6},{"damage":0,"enemies":"Spheric Guardian","floor":18,"turns":2},{"damage":1,"enemies":"Chosen","floor":22,"turns":4},{"damage":0,"enemies":"Centurion and Healer","floor":24,"turns":3},{"damage":1,"enemies":"Slavers","floor":25,"turns":6},{"damage":0,"enemies":"Gremlin Leader","floor":27,"turns":5},{"damage":0,"enemies":"Snake Plant","floor":28,"turns":2},{"damage":3,"enemies":"Slavers","floor":29,"turns":4},{"damage":3,"enemies":"3 Cultists","floor":30,"turns":4},{"damage":0,"enemies":"Gremlin Leader","floor":31,"turns":4},{"damage":1,"enemies":"Collector","floor":33,"turns":6},{"damage":1,"enemies":"3 Shapes","floor":35,"turns":2},{"damage":0,"enemies":"3 Darklings","floor":36,"turns":3},{"damage":12,"enemies":"2 Orb Walkers","floor":38,"turns":6},{"damage":0,"enemies":"Spire Growth","floor":39,"turns":5},{"damage":1,"enemies":"Reptomancer","floor":40,"turns":4},{"damage":0,"enemies":"Nemesis","floor":42,"turns":6},{"damage":2,"enemies":"Sphere and 2 Shapes","floor":45,"turns":4},{"damage":0,"enemies":"Time Eater","floor":50,"turns":10},{"damage":1,"enemies":"Awakened One","floor":51,"turns":12},{"damage":6,"enemies":"Shield and Spear","floor":55,"turns":12},{"damage":12,"enemies":"The Heart","floor":56,"turns":8}],"green_key_taken_log":29,"seed_played":"-5927033655890139720","neow_bonus_log":{"cardsObtained":[],"cardsUpgraded":[],"cardsRemoved":[],"cardsTransformed":[],"relicsObtained":["Empty Cage"],"maxHpGained":0,"goldGained":0,"damageTaken":0,"goldLost":0,"maxHpLost":0},"potions_obtained":[{"floor":2,"key":"Fire Potion"},{"floor":11,"key":"Explosive Potion"},{"floor":13,"key":"GamblersBrew"},{"floor":18,"key":"Ambrosia"},{"floor":30,"key":"SkillPotion"},{"floor":31,"key":"Swift Potion"}],"is_trial":false,"path_per_floor":["M","M","?","M","?","R","M","R","T","$","E","R","E","$","R","B",null,"M","?","$","?","M","R","M","E","T","E","M","E","M","E","R","B",null,"M","M","$","?","M","E","?","E","T","R","M","R","$","?","R","B","B",null,"R","$","E","B",null],"character_chosen":"WATCHER","items_purchased":["MentalFortress+1","Incense Burner"],"campfire_rested":0,"item_purchase_floors":[20,47],"current_hp_per_floor":[61,60,65,65,65,65,53,53,53,53,40,40,31,31,31,32,66,68,39,39,39,40,40,42,43,43,45,45,44,45,45,45,44,51,52,56,56,44,50,57,57,65,65,65,65,65,65,65,65,65,65,65,65,65,61,57],"gold":120,"neow_bonus":"BOSS_RELIC","is_prod":false,"is_daily":false,"rewards_skipped":[{"floor":22,"relics":[],"potions":["LiquidMemories"]},{"floor":28,"relics":[],"potions":["Regen Potion"]},{"floor":36,"relics":[],"potions":["Regen Potion"]},{"floor":39,"relics":[],"potions":["SmokeBomb"]}],"chose_seed":false,"campfire_upgraded":9,"win_rate":0,"floor_exit_playtime":[96,138,142,169,177,186,262,269,272,316,386,394,470,485,491,614,680,703,730,749,788,856,863,901,1001,1006,1117,1225,1344,1451,1577,1582,1835,1922,2018,2103,2144,2324,2464,2553,2556,2659,2661,2670,2780,2786,2848,2900,2908,3292,3656,3666,3682,3714,4079,4430],"timestamp":1670791363,"blue_key_relic_skipped_log":{"floor":26,"relicID":"Art of War"},"path_taken":["M","M","?","M","?","R","M","R","T","$","E","R","E","$","R","BOSS","M","?","$","?","M","R","M","E","T","E","M","E","M","E","R","BOSS","M","M","$","?","M","E","?","E","T","R","M","R","$","?","R","BOSS","BOSS","R","$","E","BOSS"],"build_version":"2022-12-01","purchased_purges":3,"victory":true,"max_hp_per_floor":[68,68,73,73,73,73,73,73,73,73,73,73,75,75,75,77,77,79,39,39,39,41,41,43,45,45,47,47,49,53,53,53,53,53,55,59,59,59,61,63,63,65,65,65,65,65,65,65,65,65,65,65,65,65,65,65],"relic_stats":{"Singing Bowl":32,"Torii":5,"counters":[28,136],"Blue Candle":[0],"Bird Faced Urn":[29],"Bronze Scales":[96],"Prayer Wheel":6,"Bottled Lightning":"EmptyMind","Kunai":[34],"obtain_stats":[{"Singing Bowl":11,"Torii":13,"Blue Candle":31,"Incense Burner":47,"TeardropLocket":42,"Frozen Egg 2":9,"Empty Cage":0,"Mercury Hourglass":43,"SlaversCollar":34,"Bird Faced Urn":38,"Bronze Scales":55,"Prayer Wheel":25,"Molten Egg 2":27,"Coffee Dripper":17,"Bottled Lightning":29,"Kunai":40,"PureWater":0},{"Singing Bowl":5,"Torii":6,"Blue Candle":16,"Incense Burner":24,"TeardropLocket":23,"Frozen Egg 2":4,"Empty Cage":0,"Mercury Hourglass":23,"SlaversCollar":17,"Bird Faced Urn":20,"Bronze Scales":27,"Prayer Wheel":11,"Molten Egg 2":12,"Coffee Dripper":7,"Bottled Lightning":14,"Kunai":22,"PureWater":0},{"Singing Bowl":15,"Torii":20,"Blue Candle":60,"Incense Burner":96,"TeardropLocket":92,"Frozen Egg 2":12,"Empty Cage":0,"Mercury Hourglass":92,"SlaversCollar":66,"Bird Faced Urn":77,"Bronze Scales":129,"Prayer Wheel":41,"Molten Egg 2":46,"Coffee Dripper":26,"Bottled Lightning":52,"Kunai":86,"PureWater":0}],"Mercury Hourglass":[133]},"card_choices":[{"not_picked":["SashWhip","Indignation","ThirdEye"],"picked":"SKIP","floor":1},{"not_picked":["FlyingSleeves","Worship"],"picked":"Consecrate","floor":2},{"not_picked":["ThirdEye","Study"],"picked":"Wallop","floor":4},{"not_picked":["CrushJoints","PathToVictory"],"picked":"EmptyFist","floor":7},{"not_picked":["Meditate","SashWhip"],"picked":"FearNoEvil","floor":11},{"not_picked":["CrushJoints","WindmillStrike","DevaForm+1"],"picked":"Singing Bowl","floor":13},{"not_picked":["Establishment+1","Devotion+1","Alpha"],"picked":"Singing Bowl","floor":16},{"not_picked":["Fasting2+1","EmptyBody","ReachHeaven"],"picked":"Singing Bowl","floor":18},{"not_picked":["FearNoEvil+1","Study+1","Prostrate"],"picked":"Singing Bowl","floor":22},{"not_picked":["BowlingBash","ThirdEye","FollowUp"],"picked":"Singing Bowl","floor":24},{"not_picked":["CutThroughFate","FlyingSleeves+1","Indignation"],"picked":"Singing Bowl","floor":25},{"not_picked":["DeceiveReality","Indignation","SignatureMove+1"],"picked":"Singing Bowl","floor":27},{"not_picked":["FlyingSleeves+1","WreathOfFlame"],"picked":"EmptyMind","floor":28},{"not_picked":["Weave+1","FlyingSleeves+1"],"picked":"Tantrum+1","floor":28},{"not_picked":["DeceiveReality","LikeWater+1","Wireheading+1"],"picked":"Singing Bowl","floor":29},{"not_picked":["Crescendo","FollowUp+1","Meditate"],"picked":"Singing Bowl","floor":30},{"not_picked":["EmptyBody","Wallop+1","Fasting2+1"],"picked":"Singing Bowl","floor":30},{"not_picked":["LikeWater+1","Prostrate"],"picked":"Devotion+1","floor":31},{"not_picked":["Ragnarok+1","DevaForm+1"],"picked":"Vault","floor":33},{"not_picked":["EmptyBody+1","ThirdEye"],"picked":"Prostrate","floor":35},{"not_picked":["DeceiveReality","Wallop+1","SashWhip+1"],"picked":"Singing Bowl","floor":35},{"not_picked":["LikeWater+1","Collect","CrushJoints+1"],"picked":"Singing Bowl","floor":36},{"not_picked":["Wallop+1","JustLucky+1","FlurryOfBlows+1"],"picked":"Singing Bowl","floor":36},{"not_picked":["Protect+1","FollowUp+1"],"picked":"CutThroughFate+1","floor":38},{"not_picked":["BowlingBash+1","MentalFortress+1"],"picked":"Establishment+1","floor":39},{"not_picked":["JustLucky+1","FearNoEvil+1","FlyingSleeves+1"],"picked":"Singing Bowl","floor":39},{"not_picked":["Prostrate","BowlingBash+1","Perseverance"],"picked":"Singing Bowl","floor":40},{"not_picked":["Evaluate","Prostrate+1","Swivel"],"picked":"Singing Bowl","floor":42},{"not_picked":["ReachHeaven+1","Crescendo"],"picked":"Pray+1","floor":45},{"not_picked":["Crescendo+1","FlurryOfBlows+1"],"picked":"CutThroughFate+1","floor":45},{"not_picked":["EmptyMind","JustLucky+1"],"picked":"Adaptation+1","floor":55}],"player_experience":4695318,"relics_obtained":[{"floor":9,"key":"Frozen Egg 2"},{"floor":11,"key":"Singing Bowl"},{"floor":13,"key":"Torii"},{"floor":25,"key":"Prayer Wheel"},{"floor":27,"key":"Molten Egg 2"},{"floor":29,"key":"Bottled Lightning"},{"floor":31,"key":"Blue Candle"},{"floor":38,"key":"Bird Faced Urn"},{"floor":40,"key":"Kunai"},{"floor":42,"key":"TeardropLocket"},{"floor":43,"key":"Mercury Hourglass"},{"floor":55,"key":"Bronze Scales"}],"event_choices":[{"damage_healed":0,"gold_gain":0,"player_choice":"Donut","damage_taken":0,"max_hp_gain":5,"max_hp_loss":0,"event_name":"Big Fish","floor":3,"gold_loss":0},{"cards_removed":["Defend_P"],"damage_healed":0,"gold_gain":0,"player_choice":"Offered Basic","damage_taken":0,"max_hp_gain":0,"max_hp_loss":0,"event_name":"Bonfire Elementals","floor":5,"gold_loss":0},{"damage_healed":0,"gold_gain":0,"player_choice":"Became a Ghost","damage_taken":0,"max_hp_gain":0,"max_hp_loss":40,"event_name":"Ghosts","floor":19,"gold_loss":0,"cards_obtained":["Ghostly","Ghostly","Ghostly"]},{"damage_healed":0,"gold_gain":0,"cards_transformed":["Strike_P","Strike_P"],"player_choice":"Became Test Subject","damage_taken":0,"max_hp_gain":0,"max_hp_loss":0,"event_name":"Drug Dealer","floor":21,"gold_loss":0,"cards_obtained":["EmptyFist","Meditate"]},{"damage_healed":0,"gold_gain":0,"player_choice":"Fight","damage_taken":0,"max_hp_gain":0,"max_hp_loss":0,"event_name":"Mysterious Sphere","floor":38,"gold_loss":0},{"damage_healed":0,"gold_gain":0,"player_choice":"Ignored","damage_taken":0,"max_hp_gain":0,"max_hp_loss":0,"event_name":"Tomb of Lord Red Mask","floor":41,"gold_loss":0},{"damage_healed":0,"gold_gain":0,"player_choice":"Copied","damage_taken":0,"max_hp_gain":0,"max_hp_loss":0,"event_name":"Duplicator","floor":48,"gold_loss":0,"cards_obtained":["Ghostly"]}],"is_beta":false,"boss_relics":[{"not_picked":["Ectoplasm","Fusion Hammer"],"picked":"Coffee Dripper"},{"not_picked":["Velvet Choker","Pandora\u0027s Box"],"picked":"SlaversCollar"}],"items_purged_floors":[10,14,37],"is_endless":false,"potions_floor_spawned":[2,11,13,18,22,28,30,31,36,39],"ascension_level":20,"potion_discard_per_floor":[[],[],[],[],[],[],[],[],[],[],[],[],[],[],[],[],[],["Explosive Potion"],[],[],[],[],[],[],[],[],[],[],[],[],["SkillPotion"],[],[],[],[],[],[],[],[],[],[],[],[],[],[],[],[],[],[],[],[],[],[],[],[],[],[]]}