{"neow_bonuses_skipped_log":["REMOVE_CARD","THREE_SMALL_POTIONS","BOSS_RELIC"],"potions_obtained_entropic_brew":[[],[],[],[],[],[],[],[],[],[],[],[],[],[],[],[],[],[],[],[],[],[],[],[],[],[],[],[],[],[],[],[],[],[],[],[],[],[],[],[],[],[],[],[],[],[],[],[],[],[],[],[],[],[],[],[],[]],"neow_costs_skipped_log":["NONE","NONE","NONE"],"gold_per_floor":[364,289,289,52,67,67,95,113,113,139,55,75,75,103,103,178,178,189,200,100,117,134,134,149,164,164,164,196,71,71,90,90,169,169,183,203,203,203,222,253,272,316,316,316,351,351,380,412,412,412,412,412,412,23,48,48],"floor_reached":57,"playtime":3525,"items_purged":["Defend_P","Defend_P","Strike_P","Strike_P+1"],"score":3199,"play_id":"f5894954-752f-45dd-98dd-23630f0113f5","local_time":"20221217201130","falling_options_log":["Crescendo+1","Adaptation+1"],"score_breakdown":["Floors Climbed (57): 285","Enemies Slain (16): 32","Exordium Elites Killed (3): 30","City Elites Killed (1): 20","Beyond Elites Killed (4): 120","Bosses Slain (5): 750","Speedster: 25","Champion (4): 100","Perfect (2): 100","C-c-c-combo: 25","Ascension (20): 1462","Heartbreaker: 250"],"is_ascension_mode":true,"potions_obtained_alchemize":[[],[],[],[],[],[],[],[],[],[],[],[],[],[],[],[],[],[],[],[],[],[],[],[],[],[],[],[],[],[],[],[],[],[],[],[],[],[],[],[],[],[],[],[],[],[],[],[],[],[],[],[],[],[],[],[],[]],"campfire_choices":[{"data":"Eruption","floor":6,"key":"SMITH"},{"data":"TalkToTheHand","floor":15,"key":"SMITH"},{"floor":23,"key":"REST"},{"floor":32,"key":"REST"},{"floor":44,"key":"RECALL"},{"floor":49,"key":"REST"},{"floor":53,"key":"REST"}],"lesson_learned_per_floor":[[],[],[],[],[],[],[],[],[],[],[],[],[],[],[],[],[],[],["FearNoEvil"],[],["Strike_P"],["Strike_P"],[],["Strike_P"],["LessonLearned"],[],[],["Vigilance"],[],[],["Adaptation"],[],["Crescendo"],[],[],["Adaptation"],[],[],["TalkToTheHand"],["CutThroughFate"],[],[],[],[],["Prostrate"],[],[],["Vault"],[],[],[],[],[],[],[],[],[]],"neow_cost":"PERCENT_DAMAGE","improvable_cards":{},"seed_source_timestamp":19288010239774,"shop_contents":[{"floor":4,"relics":["Blue Candle","OrangePellets"],"cards":["EmptyFist","CrushJoints","Halt","Protect","Study","Discovery","Apotheosis"],"potions":["Energy Potion","Block Potion","BlessingOfTheForge"]},{"floor":11,"relics":["Shovel","Darkstone Periapt","DollysMirror"],"cards":["SandsOfTime","Halt","Evaluate","Wireheading","Deep Breath","Secret Weapon"],"potions":["GamblersBrew","Regen Potion","BlessingOfTheForge"]},{"floor":20,"relics":["Mercury Hourglass","Happy Flower","Frozen Eye"],"cards":["Consecrate","CarveReality","Evaluate","Halt","BattleHymn","Enlightenment","Transmutation"],"potions":["Fire Potion","SpeedPotion","AttackPotion"]},{"floor":29,"relics":["Bronze Scales","Damaru","Membership Card"],"cards":["WindmillStrike","CutThroughFate","Indignation","ForeignInfluence","LikeWater","Purity","Sadistic Nature"],"potions":["Ancient Potion","Block Potion","BlessingOfTheForge"]},{"floor":54,"relics":["Art of War","Boot"],"cards":["BowlingBash","Weave","Collect","Halt","LikeWater","Impatience","HandOfGreed"],"potions":["SpeedPotion","Explosive Potion"]}],"circlet_count":0,"master_deck":["AscendersBane","Eruption+1","Vigilance+1","Adaptation+1","TalkToTheHand+1","FearNoEvil+1","Crescendo+1","LessonLearned+1","Meditate+1","Adaptation+1","TalkToTheHand+1","CutThroughFate+1","SashWhip+1","Prostrate+1","Vault+1"],"potion_use_per_floor":[[],[],[],[],[],[],[],[],[],[],[],[],[],[],[],[],[],[],[],[],[],[],[],[],["SteroidPotion"],[],[],[],[],[],["FairyPotion"],[],[],[],[],[],[],[],[],[],[],[],[],[],[],[],[],[],[],["Ancient Potion"],[],[],[],[],[],["Weak Potion"],[]],"relics":["HolyWater","Akabeko","Pen Nib","Lantern","Question Card","Gremlin Horn","InkBottle","Empty Cage","PreservedInsect","CeramicFish","Girya","White Beast Statue","Lee\u0027s Waffle","Whetstone"],"potions_floor_usage":[25,50,56],"damage_taken":[{"damage":0,"enemies":"Small Slimes","floor":1,"turns":2},{"damage":0,"enemies":"Jaw Worm","floor":5,"turns":3},{"damage":22,"enemies":"Lagavulin","floor":7,"turns":6},{"damage":0,"enemies":"2 Louse","floor":8,"turns":1},{"damage":25,"enemies":"Gremlin Nob","floor":10,"turns":4},{"damage":1,"enemies":"Gremlin Gang","floor":12,"turns":3},{"damage":9,"enemies":"Lagavulin","floor":14,"turns":5},{"damage":0,"enemies":"Slime Boss","floor":16,"turns":5},{"damage":0,"enemies":"Chosen","floor":18,"turns":3},{"damage":42,"enemies":"3 Byrds","floor":19,"turns":4},{"damage":1,"enemies":"3 Cultists","floor":21,"turns":3},{"damage":0,"enemies":"Centurion and Healer","floor":22,"turns":5},{"damage":0,"enemies":"Chosen and Byrds","floor":24,"turns":2},{"damage":0,"enemies":"Snake Plant","floor":25,"turns":1},{"damage":28,"enemies":"Slavers","floor":28,"turns":3},{"damage":17,"enemies":"Centurion and Healer","floor":31,"turns":2},{"damage":11,"enemies":"Champ","floor":33,"turns":3},{"damage":0,"enemies":"Orb Walker","floor":35,"turns":1},{"damage":20,"enemies":"3 Darklings","floor":36,"turns":3},{"damage":0,"enemies":"Spire Growth","floor":39,"turns":2},{"damage":0,"enemies":"Giant Head","floor":40,"turns":4},{"damage":0,"enemies":"Sphere and 2 Shapes","floor":41,"turns":3},{"damage":0,"enemies":"Reptomancer","floor":42,"turns":4},{"damage":17,"enemies":"Nemesis","floor":45,"turns":3},{"damage":0,"enemies":"4 Shapes","floor":47,"turns":2},{"damage":0,"enemies":"Reptomancer","floor":48,"turns":3},{"damage":26,"enemies":"Time Eater","floor":50,"turns":9},{"damage":0,"enemies":"Awakened One","floor":51,"turns":4},{"damage":0,"enemies":"Shield and Spear","floor":55,"turns":3},{"damage":20,"enemies":"The Heart","floor":56,"turns":8}],"green_key_taken_log":42,"seed_played":"-1453648682878915055","neow_bonus_log":{"cardsObtained":[],"cardsUpgraded":[],"cardsRemoved":[],"cardsTransformed":[],"relicsObtained":[],"maxHpGained":0,"goldGained":250,"damageTaken":18,"goldLost":0,"maxHpLost":0},"potions_obtained":[{"floor":7,"key":"ColorlessPotion"},{"floor":8,"key":"SpeedPotion"},{"floor":12,"key":"FairyPotion"},{"floor":18,"key":"SteroidPotion"},{"floor":25,"key":"Energy Potion"},{"floor":35,"key":"Weak Potion"},{"floor":41,"key":"Ancient Potion"}],"is_trial":false,"path_per_floor":["M","?","?","$","M","R","E","M","T","E","$","M","?","E","R","B",null,"M","M","$","M","M","R","M","M","T","?","E","$","?","M","R","B",null,"M","M","?","?","M","E","M","E","T","R","E","?","M","E","R","B","B",null,"R","$","E","B",null],"character_chosen":"WATCHER","items_purchased":["Akabeko","FearNoEvil","StancePotion","Lee\u0027s Waffle"],"campfire_rested":4,"item_purchase_floors":[4,11,54,54],"current_hp_per_floor":[43,43,65,65,65,65,43,43,43,18,18,17,17,8,8,8,53,53,11,11,10,10,30,30,30,30,30,2,2,2,11,31,20,56,56,36,36,36,36,36,36,36,36,36,19,19,19,19,38,12,12,52,65,72,72,52],"gold":48,"neow_bonus":"TWO_FIFTY_GOLD","is_prod":false,"is_daily":false,"rewards_skipped":[{"floor":7,"relics":["Bottled Flame"],"potions":[]},{"floor":14,"relics":[],"potions":["BottledMiracle"]},{"floor":16,"relics":[],"potions":["SneckoOil"]},{"floor":21,"relics":[],"potions":["Block Potion"]},{"floor":45,"relics":[],"potions":["BlessingOfTheForge"]},{"floor":47,"relics":[],"potions":["BottledMiracle"]},{"floor":48,"relics":[],"potions":["SpeedPotion"]},{"floor":55,"relics":[],"potions":["Fire Potion"]}],"chose_seed":false,"campfire_upgraded":2,"win_rate":0,"floor_exit_playtime":[31,36,40,85,104,118,225,237,276,351,359,419,424,499,504,591,628,715,840,858,967,1033,1048,1085,1124,1127,1132,1256,1290,1294,1370,1375,1456,1499,1524,1598,1611,1665,1780,1881,2057,2178,2181,2185,2279,2287,2373,2484,2499,2988,3164,3183,3189,3215,3298,3525],"timestamp":1671325890,"blue_key_relic_skipped_log":{"floor":43,"relicID":"Centennial Puzzle"},"path_taken":["M","?","?","$","M","R","E","M","T","E","$","M","?","E","R","BOSS","M","M","$","?","M","R","M","M","T","?","E","$","?","M","R","BOSS","M","M","?","?","M","E","M","E","T","R","E","?","M","E","R","BOSS","BOSS","R","$","E","BOSS"],"build_version":"2022-12-01","purchased_purges":4,"victory":true,"max_hp_per_floor":[68,68,68,68,68,68,68,68,68,68,68,68,68,68,68,68,68,68,68,68,68,68,68,68,68,68,68,68,68,68,68,68,68,68,68,68,68,65,65,65,65,65,65,65,65,65,65,65,65,65,65,65,65,72,72,72],"relic_stats":{"Girya":0,"Lee\u0027s Waffle":7,"Gremlin Horn":[21,24],"counters":[30,104],"CeramicFish":18,"Pen Nib":[43],"PreservedInsect":267,"Whetstone":[],"Question Card":20,"White Beast Statue":[0.0,0.0,0.0,0.4,0.0,0.6000000000000001,0.0,0.0,0.0,0.0,0.0,0.4],"HolyWater":[48],"obtain_stats":[{"Girya":45,"Lantern":10,"Lee\u0027s Waffle":54,"Gremlin Horn":26,"CeramicFish":42,"Pen Nib":9,"PreservedInsect":40,"Whetstone":55,"Question Card":14,"Empty Cage":34,"Akabeko":4,"White Beast Statue":48,"HolyWater":17,"PureWater":0,"InkBottle":28},{"Girya":24,"Lantern":5,"Lee\u0027s Waffle":28,"Gremlin Horn":14,"CeramicFish":23,"Pen Nib":4,"PreservedInsect":21,"Whetstone":29,"Question Card":7,"Empty Cage":17,"Akabeko":1,"White Beast Statue":26,"HolyWater":8,"PureWater":0,"InkBottle":15},{"Girya":75,"Lantern":16,"Lee\u0027s Waffle":93,"Gremlin Horn":47,"CeramicFish":72,"Pen Nib":12,"PreservedInsect":65,"Whetstone":96,"Question Card":24,"Empty Cage":55,"Akabeko":2,"White Beast Statue":80,"HolyWater":29,"PureWater":0,"InkBottle":50}],"InkBottle":[39]},"card_choices":[{"not_picked":["Evaluate","Swivel"],"picked":"Consecrate","floor":1},{"not_picked":["Collect","CrushJoints"],"picked":"Adaptation","floor":5},{"not_picked":["WreathOfFlame","Collect"],"picked":"TalkToTheHand","floor":7},{"not_picked":["Prostrate","Wireheading","Swivel"],"picked":"SKIP","floor":8},{"not_picked":["Wish","WaveOfTheHand","ThirdEye"],"picked":"SKIP","floor":10},{"not_picked":["Evaluate","Crescendo","EmptyBody"],"picked":"SKIP","floor":12},{"not_picked":["Evaluate","EmptyBody"],"picked":"Crescendo","floor":12},{"not_picked":["Fasting2","FearNoEvil","Sanctity"],"picked":"SKIP","floor":14},{"not_picked":["Judgement","Brilliance","SpiritShield"],"picked":"LessonLearned","floor":16},{"not_picked":["ClearTheMind","JustLucky","Crescendo","Wish"],"picked":"SKIP","floor":18},{"not_picked":["Protect","Collect","Worship+1","Consecrate"],"picked":"SKIP","floor":19},{"not_picked":["CutThroughFate+1","EmptyBody","ThirdEye"],"picked":"Meditate+1","floor":21},{"not_picked":["Crescendo","EmptyBody","ClearTheMind","SashWhip"],"picked":"SKIP","floor":22},{"not_picked":["Protect","LikeWater","ForeignInfluence","ThirdEye"],"picked":"SKIP","floor":24},{"not_picked":["Wireheading","Fasting2+1","SashWhip","Evaluate"],"picked":"SKIP","floor":25},{"not_picked":["Fasting2","Protect","ThirdEye"],"picked":"Adaptation","floor":28},{"not_picked":["TalkToTheHand","Vengeance","ReachHeaven","JustLucky"],"picked":"SKIP","floor":31},{"not_picked":["FlurryOfBlows+1","FollowUp","CrushJoints+1","Study"],"picked":"SKIP","floor":35},{"not_picked":["SandsOfTime","SashWhip+1","BowlingBash"],"picked":"TalkToTheHand","floor":36},{"not_picked":["EmptyFist","Prostrate","Swivel"],"picked":"CutThroughFate","floor":39},{"not_picked":["FollowUp","Protect","JustLucky+1","SandsOfTime"],"picked":"SKIP","floor":40},{"not_picked":["Judgement","Perseverance","Indignation+1"],"picked":"SashWhip+1","floor":41},{"not_picked":["Collect","CutThroughFate","SashWhip"],"picked":"Prostrate","floor":42},{"not_picked":["FlurryOfBlows","WreathOfFlame+1","BowlingBash+1","PathToVictory"],"picked":"SKIP","floor":45},{"not_picked":["ReachHeaven","FlurryOfBlows","CrushJoints+1"],"picked":"Vault","floor":47},{"not_picked":["PathToVictory","Wireheading","CrushJoints","Judgement"],"picked":"SKIP","floor":48},{"not_picked":["FollowUp","DeceiveReality","JustLucky","Wireheading"],"picked":"SKIP","floor":55}],"player_experience":4765579,"relics_obtained":[{"floor":9,"key":"Pen Nib"},{"floor":10,"key":"Lantern"},{"floor":14,"key":"Question Card"},{"floor":26,"key":"Gremlin Horn"},{"floor":28,"key":"InkBottle"},{"floor":40,"key":"PreservedInsect"},{"floor":42,"key":"CeramicFish"},{"floor":45,"key":"Girya"},{"floor":48,"key":"White Beast Statue"},{"floor":55,"key":"Whetstone"}],"event_choices":[{"cards_removed":["Defend_P"],"damage_healed":0,"gold_gain":0,"player_choice":"Card Removal","damage_taken":0,"max_hp_gain":0,"max_hp_loss":0,"event_name":"The Cleric","floor":2,"gold_loss":75},{"damage_healed":22,"gold_gain":0,"player_choice":"Banana","damage_taken":0,"max_hp_gain":0,"max_hp_loss":0,"event_name":"Big Fish","floor":3,"gold_loss":0},{"damage_healed":0,"gold_gain":0,"player_choice":"Upgraded","damage_taken":0,"max_hp_gain":0,"max_hp_loss":0,"event_name":"Upgrade Shrine","floor":13,"gold_loss":0,"cards_upgraded":["Consecrate"]},{"cards_removed":["Defend_P"],"damage_healed":0,"gold_gain":0,"player_choice":"Elegance","damage_taken":0,"max_hp_gain":0,"max_hp_loss":0,"event_name":"Back to Basics","floor":27,"gold_loss":0},{"damage_healed":0,"gold_gain":0,"player_choice":"Ignored","damage_taken":0,"max_hp_gain":0,"max_hp_loss":0,"event_name":"Vampires","floor":30,"gold_loss":0},{"cards_removed":["Consecrate"],"damage_healed":0,"gold_gain":0,"player_choice":"Removed Attack","damage_taken":0,"max_hp_gain":0,"max_hp_loss":0,"event_name":"Falling","floor":37,"gold_loss":0},{"damage_healed":0,"gold_gain":0,"player_choice":"Max HP","damage_taken":0,"max_hp_gain":0,"max_hp_loss":3,"event_name":"Winding Halls","floor":38,"gold_loss":0},{"damage_healed":0,"gold_gain":0,"player_choice":"Ignored","damage_taken":0,"max_hp_gain":0,"max_hp_loss":0,"event_name":"Tomb of Lord Red Mask","floor":46,"gold_loss":0}],"is_beta":false,"boss_relics":[{"not_picked":["Tiny House","Philosopher\u0027s Stone"],"picked":"HolyWater"},{"not_picked":["Velvet Choker","Sozu"],"picked":"Empty Cage"}],"items_purged_floors":[4,20,29,54],"is_endless":false,"potions_floor_spawned":[7,8,12,14,16,18,21,25,35,41,45,47,48,55],"ascension_level":20,"potion_discard_per_floor":[[],[],[],[],[],[],[],[],[],[],[],["SpeedPotion"],[],[],[],[],[],["ColorlessPotion"],[],[],[],[],[],[],[],[],[],[],[],[],[],[],[],[],[],[],[],[],[],[],["Energy Potion"],[],[],[],[],[],[],[],[],[],[],[],[],[],[],["StancePotion"],[]]}