{"neow_bonuses_skipped_log":["TEN_PERCENT_HP_BONUS"],"neow_costs_skipped_log":["NONE"],"potions_obtained_entropic_brew":[[],[],[],[],[],[],[],[],[],[],[],[],[],[],[],[],[],[],[],[],[],[],[],[],[],[],[],[],[],[],[],[],[],[],[],[],[],[],[],[],[],[],[],[],[],[],[],[],[],[],[],[],[],[],[],[],[]],"gold_per_floor":[115,115,40,54,4,4,29,29,29,29,84,84,124,24,24,123,123,147,22,40,64,64,104,104,135,162,162,180,214,145,181,181,272,272,292,317,337,353,120,163,197,197,197,230,230,254,56,80,80,80,80,80,80,30,63,63],"floor_reached":57,"playtime":3220,"items_purged":["Defend_P","Defend_P","BattleHymn+1","BowlingBash","Consecrate","Consecrate+1"],"score":3467,"play_id":"a676991d-db97-436e-b054-1d44167e912e","local_time":"20221214214330","score_breakdown":["Floors Climbed (57): 285","Enemies Slain (13): 26","Exordium Elites Killed (2): 20","City Elites Killed (4): 80","Beyond Elites Killed (2): 60","Bosses Slain (5): 750","Speedster: 25","Champion (7): 175","Beyond Perfect: 200","Ascension (20): 1596","Heartbreaker: 250"],"is_ascension_mode":true,"potions_obtained_alchemize":[[],[],[],[],[],[],[],[],[],[],[],[],[],[],[],[],[],[],[],[],[],[],[],[],[],[],[],[],[],[],[],[],[],[],[],[],[],[],[],[],[],[],[],[],[],[],[],[],[],[],[],[],[],[],[],[],[]],"campfire_choices":[{"data":"Eruption","floor":6,"key":"SMITH"},{"data":"Consecrate","floor":8,"key":"SMITH"},{"data":"Wallop","floor":10,"key":"SMITH"},{"data":"CutThroughFate","floor":15,"key":"SMITH"},{"data":"Scrawl","floor":24,"key":"SMITH"},{"data":"TalkToTheHand","floor":27,"key":"SMITH"},{"data":"Ragnarok","floor":32,"key":"SMITH"},{"floor":42,"key":"RECALL"},{"data":"Tantrum","floor":49,"key":"SMITH"},{"data":"Meditate","floor":53,"key":"SMITH"}],"lesson_learned_per_floor":[[],[],[],[],[],[],[],[],[],[],[],[],[],[],[],[],[],[],[],[],[],[],[],[],[],[],[],[],[],[],[],[],[],[],[],[],[],[],[],[],[],[],[],[],[],[],[],[],[],[],[],[],[],[],[],[],[]],"neow_cost":"NONE","improvable_cards":{},"seed_source_timestamp":44570354786938,"shop_contents":[{"floor":3,"relics":["Question Card","TungstenRod","DollysMirror"],"cards":["SignatureMove","WheelKick","PathToVictory","Vengeance","Devotion","Discovery","Secret Technique"],"potions":["Dexterity Potion","LiquidMemories","SkillPotion"]},{"floor":5,"relics":["Blue Candle","Potion Belt","Toolbox"],"cards":["WindmillStrike","DeusExMachina","ClearTheMind","Adaptation","Panacea","Chrysalis"],"potions":["SmokeBomb","Fire Potion","Swift Potion"]},{"floor":14,"relics":["Regal Pillow","Bottled Flame","ClockworkSouvenir"],"cards":["SashWhip","Conclude","Halt","Meditate","Wireheading+1","Deep Breath","Transmutation"],"potions":["BlessingOfTheForge","GamblersBrew","DistilledChaos"]},{"floor":19,"relics":["Omamori","Pantograph","OrangePellets"],"cards":["CarveReality","FlyingSleeves","Worship","PathToVictory","Fasting2+1","Finesse","Sadistic Nature+1"],"potions":["BottledMiracle","BlessingOfTheForge","PowerPotion"]},{"floor":30,"relics":["Pen Nib","Ginger","TheAbacus"],"cards":["FlyingSleeves","Halt","SpiritShield","BattleHymn+1","Discovery","Mayhem+1"],"potions":["LiquidMemories","SteroidPotion","Dexterity Potion"]},{"floor":39,"relics":["Toy Ornithopter","Vajra","Cauldron"],"cards":["CarveReality","SashWhip","EmptyBody","Alpha","Wireheading+1","Thinking Ahead"],"potions":["BottledMiracle","Dexterity Potion","DistilledChaos"]},{"floor":47,"relics":["Whetstone","HornCleat"],"cards":["FlyingSleeves","FlurryOfBlows","Protect","Crescendo","Study+1","Deep Breath","HandOfGreed"],"potions":["SteroidPotion","Weak Potion","AttackPotion"]},{"floor":54,"relics":["Blood Vial","Bag of Preparation","Chemical X"],"cards":["FollowUp","Brilliance","Collect","Blasphemy","MentalFortress+1","Bandage Up","Apotheosis"],"potions":["Swift Potion","SkillPotion","StancePotion"]}],"circlet_count":0,"master_deck":["AscendersBane","Eruption+1","Vigilance","Wallop+1","CutThroughFate+1","Study+1","Scrawl+1","TalkToTheHand+1","Ragnarok+1","LikeWater+1","ClearTheMind+1","TalkToTheHand+1","FearNoEvil","PanicButton","Tantrum+1","FlurryOfBlows","Meditate+1","InnerPeace"],"potion_use_per_floor":[[],[],[],[],[],[],[],[],[],[],[],[],[],[],[],[],[],[],[],[],[],[],["Ambrosia"],[],[],[],[],[],[],[],[],[],[],[],[],[],[],[],[],["Ambrosia"],[],[],[],[],[],["Energy Potion"],[],[],[],[],[],[],[],[],[],[],[]],"relics":["PureWater","NeowsBlessing","Frozen Egg 2","Bird Faced Urn","Incense Burner","Golden Idol","Strawberry","Pandora\u0027s Box","Letter Opener","Centennial Puzzle","Mango","Happy Flower","CeramicFish","Lantern","Runic Pyramid","Lizard Tail","Smiling Mask","Orrery","Boot"],"potions_floor_usage":[23,40,46],"damage_taken":[{"damage":0,"enemies":"Jaw Worm","floor":1,"turns":1},{"damage":0,"enemies":"Cultist","floor":4,"turns":1},{"damage":0,"enemies":"3 Sentries","floor":7,"turns":2},{"damage":15,"enemies":"3 Sentries","floor":11,"turns":3},{"damage":16,"enemies":"Lagavulin","floor":13,"turns":5},{"damage":0,"enemies":"Slime Boss","floor":16,"turns":6},{"damage":1,"enemies":"2 Thieves","floor":18,"turns":2},{"damage":11,"enemies":"Shell Parasite","floor":20,"turns":3},{"damage":9,"enemies":"Shelled Parasite and Fungi","floor":21,"turns":3},{"damage":0,"enemies":"Slavers","floor":23,"turns":4},{"damage":0,"enemies":"Gremlin Leader","floor":25,"turns":4},{"damage":0,"enemies":"3 Cultists","floor":28,"turns":4},{"damage":0,"enemies":"Slavers","floor":29,"turns":4},{"damage":0,"enemies":"Book of Stabbing","floor":31,"turns":3},{"damage":0,"enemies":"Collector","floor":33,"turns":9},{"damage":0,"enemies":"3 Shapes","floor":35,"turns":3},{"damage":0,"enemies":"3 Darklings","floor":36,"turns":3},{"damage":0,"enemies":"Maw","floor":37,"turns":6},{"damage":0,"enemies":"Spire Growth","floor":38,"turns":4},{"damage":0,"enemies":"Nemesis","floor":40,"turns":3},{"damage":0,"enemies":"Sphere and 2 Shapes","floor":41,"turns":4},{"damage":0,"enemies":"Reptomancer","floor":44,"turns":4},{"damage":16,"enemies":"Writhing Mass","floor":46,"turns":9},{"damage":0,"enemies":"3 Darklings","floor":48,"turns":5},{"damage":0,"enemies":"Awakened One","floor":50,"turns":12},{"damage":19,"enemies":"Time Eater","floor":51,"turns":12},{"damage":11,"enemies":"Shield and Spear","floor":55,"turns":6},{"damage":12,"enemies":"The Heart","floor":56,"turns":9}],"green_key_taken_log":44,"seed_played":"-7204920992098514803","neow_bonus_log":{"cardsObtained":[],"cardsUpgraded":[],"cardsRemoved":[],"cardsTransformed":[],"relicsObtained":["NeowsBlessing"],"maxHpGained":0,"goldGained":0,"damageTaken":0,"goldLost":0,"maxHpLost":0},"potions_obtained":[{"floor":1,"key":"BottledMiracle"},{"floor":2,"key":"Block Potion"},{"floor":2,"key":"GamblersBrew"},{"floor":4,"key":"Explosive Potion"},{"floor":13,"key":"Ambrosia"},{"floor":23,"key":"FearPotion"},{"floor":29,"key":"Ambrosia"},{"floor":41,"key":"Energy Potion"},{"floor":46,"key":"DistilledChaos"}],"is_trial":false,"path_per_floor":["M","?","$","M","$","R","E","R","T","R","?","?","E","$","R","B",null,"M","$","M","M","?","E","R","E","T","R","M","E","$","E","R","B",null,"M","M","M","M","$","E","M","R","T","E","?","M","$","M","R","B","B",null,"R","$","E","B",null],"character_chosen":"WATCHER","items_purchased":["CutThroughFate","FearNoEvil","PanicButton","Orrery"],"campfire_rested":0,"item_purchase_floors":[5,30,39,47],"current_hp_per_floor":[61,61,61,61,61,61,61,61,61,61,46,46,39,39,39,41,62,61,61,54,49,49,53,53,69,69,69,73,77,77,79,79,83,83,83,83,83,83,83,83,83,83,83,83,78,66,66,70,70,74,59,77,77,77,70,62],"gold":63,"neow_bonus":"THREE_ENEMY_KILL","is_prod":false,"is_daily":false,"rewards_skipped":[{"floor":18,"relics":[],"potions":["Block Potion"]},{"floor":21,"relics":[],"potions":["Swift Potion"]},{"floor":28,"relics":[],"potions":["StancePotion"]},{"floor":38,"relics":[],"potions":["SmokeBomb"]},{"floor":55,"relics":[],"potions":["DistilledChaos"]}],"chose_seed":false,"campfire_upgraded":9,"win_rate":0,"floor_exit_playtime":[60,93,115,129,141,150,179,184,187,195,265,269,378,393,398,448,499,545,609,691,766,780,836,842,900,904,911,998,1072,1090,1175,1181,1368,1386,1449,1502,1580,1631,1692,1752,1818,1822,1827,1922,1942,2126,2176,2259,2273,2539,2779,2794,2826,2855,3039,3220],"timestamp":1671072210,"blue_key_relic_skipped_log":{"floor":43,"relicID":"Ornamental Fan"},"path_taken":["M","?","$","?","$","R","E","R","T","R","?","?","E","?","R","BOSS","M","$","M","M","?","E","R","E","T","R","?","E","$","E","R","BOSS","M","M","?","M","$","E","M","R","T","E","?","?","$","M","R","BOSS","BOSS","R","$","E","BOSS"],"build_version":"2022-12-01","purchased_purges":6,"victory":true,"max_hp_per_floor":[68,68,68,68,68,68,68,68,68,68,68,62,69,69,69,69,69,69,69,69,69,69,69,69,83,83,83,83,83,83,83,83,83,83,83,83,83,83,83,83,83,83,83,83,83,83,83,83,83,83,83,83,83,83,83,83],"relic_stats":{"Happy Flower":[33],"counters":[28,134],"Golden Idol":201,"CeramicFish":54,"Letter Opener":[130],"Smiling Mask":275,"Boot":[86],"Centennial Puzzle":[12],"Lizard Tail":0,"Bird Faced Urn":[56],"Pandora\u0027s Box":["BattleHymn","TalkToTheHand","Consecrate","BowlingBash","Ragnarok","LikeWater"],"PureWater":[24],"obtain_stats":[{"Lantern":31,"NeowsBlessing":0,"Happy Flower":26,"Golden Idol":12,"CeramicFish":29,"Mango":25,"Incense Burner":11,"Letter Opener":22,"Frozen Egg 2":7,"Smiling Mask":44,"Boot":55,"Centennial Puzzle":23,"Lizard Tail":40,"Bird Faced Urn":9,"Strawberry":13,"Orrery":47,"Pandora\u0027s Box":17,"PureWater":0,"Runic Pyramid":34},{"Lantern":14,"NeowsBlessing":0,"Happy Flower":11,"Golden Idol":4,"CeramicFish":13,"Mango":11,"Incense Burner":4,"Letter Opener":9,"Frozen Egg 2":3,"Smiling Mask":22,"Boot":27,"Centennial Puzzle":10,"Lizard Tail":20,"Bird Faced Urn":3,"Strawberry":5,"Orrery":23,"Pandora\u0027s Box":6,"PureWater":0,"Runic Pyramid":15},{"Lantern":45,"NeowsBlessing":0,"Happy Flower":34,"Golden Idol":7,"CeramicFish":42,"Mango":34,"Incense Burner":7,"Letter Opener":26,"Frozen Egg 2":4,"Smiling Mask":81,"Boot":125,"Centennial Puzzle":30,"Lizard Tail":73,"Bird Faced Urn":4,"Strawberry":12,"Orrery":90,"Pandora\u0027s Box":18,"PureWater":0,"Runic Pyramid":54}]},"card_choices":[{"not_picked":["DeceiveReality","ClearTheMind"],"picked":"Consecrate","floor":1},{"not_picked":["ClearTheMind","Crescendo"],"picked":"Wallop","floor":4},{"not_picked":["EmptyFist","JustLucky","FollowUp"],"picked":"SKIP","floor":7},{"not_picked":["Swivel","WheelKick"],"picked":"Study+1","floor":11},{"not_picked":["BowlingBash","LikeWater+1","Indignation"],"picked":"SKIP","floor":13},{"not_picked":["Devotion+1","SpiritShield"],"picked":"Scrawl","floor":16},{"not_picked":["ThirdEye","BowlingBash","EmptyBody"],"picked":"SKIP","floor":18},{"not_picked":["EmptyBody","FlyingSleeves+1"],"picked":"ClearTheMind+1","floor":20},{"not_picked":["ClearTheMind","Halt","ThirdEye+1"],"picked":"SKIP","floor":21},{"not_picked":["FollowUp","Establishment+1","Protect+1"],"picked":"SKIP","floor":23},{"not_picked":["FlurryOfBlows","Establishment+1"],"picked":"TalkToTheHand+1","floor":25},{"not_picked":["CutThroughFate+1","Weave","ForeignInfluence"],"picked":"SKIP","floor":28},{"not_picked":["CutThroughFate+1","Weave","ForeignInfluence"],"picked":"SKIP","floor":28},{"not_picked":["SashWhip","Evaluate","Weave"],"picked":"SKIP","floor":29},{"not_picked":["Consecrate","ThirdEye","Prostrate+1"],"picked":"SKIP","floor":31},{"not_picked":["Consecrate","ThirdEye","Prostrate+1"],"picked":"SKIP","floor":31},{"not_picked":["Sanctity","Fasting2+1","Crescendo"],"picked":"SKIP","floor":35},{"not_picked":["Sanctity","Vengeance","Consecrate"],"picked":"SKIP","floor":36},{"not_picked":["ReachHeaven","ClearTheMind","FlyingSleeves"],"picked":"SKIP","floor":37},{"not_picked":["WindmillStrike","EmptyFist+1","LikeWater+1"],"picked":"SKIP","floor":38},{"not_picked":["FlyingSleeves","DevaForm+1"],"picked":"Tantrum","floor":40},{"not_picked":["EmptyBody","Nirvana+1"],"picked":"FlurryOfBlows","floor":41},{"not_picked":["WheelKick+1","ForeignInfluence","Wireheading+1"],"picked":"SKIP","floor":44},{"not_picked":["Fasting2+1","PathToVictory","EmptyFist"],"picked":"SKIP","floor":46},{"not_picked":["CarveReality","FlurryOfBlows"],"picked":"Meditate","floor":47},{"not_picked":["BowlingBash","ClearTheMind"],"picked":"InnerPeace","floor":47},{"not_picked":["Brilliance","EmptyFist","Swivel+1"],"picked":"SKIP","floor":47},{"not_picked":["FlurryOfBlows","CrushJoints+1","WheelKick+1"],"picked":"SKIP","floor":47},{"not_picked":["JustLucky","EmptyBody","SashWhip+1"],"picked":"SKIP","floor":47},{"not_picked":["Protect+1","TalkToTheHand","Consecrate"],"picked":"SKIP","floor":48},{"not_picked":["Vengeance+1","ConjureBlade","ThirdEye"],"picked":"SKIP","floor":55}],"player_experience":4727868,"relics_obtained":[{"floor":7,"key":"Frozen Egg 2"},{"floor":9,"key":"Bird Faced Urn"},{"floor":11,"key":"Incense Burner"},{"floor":13,"key":"Strawberry"},{"floor":22,"key":"Letter Opener"},{"floor":23,"key":"Centennial Puzzle"},{"floor":25,"key":"Mango"},{"floor":26,"key":"Happy Flower"},{"floor":29,"key":"CeramicFish"},{"floor":31,"key":"Lantern"},{"floor":40,"key":"Lizard Tail"},{"floor":44,"key":"Smiling Mask"},{"floor":55,"key":"Boot"}],"event_choices":[{"damage_healed":0,"gold_gain":0,"player_choice":"Got Potions","damage_taken":0,"max_hp_gain":0,"max_hp_loss":0,"event_name":"Lab","floor":2,"gold_loss":0},{"damage_healed":0,"gold_gain":0,"player_choice":"Searched \u00271\u0027 times","damage_taken":0,"max_hp_gain":0,"max_hp_loss":0,"event_name":"Dead Adventurer","floor":11,"gold_loss":0},{"damage_healed":0,"gold_gain":0,"player_choice":"Lose Max HP","damage_taken":0,"relics_obtained":["Golden Idol"],"max_hp_gain":0,"max_hp_loss":6,"event_name":"Golden Idol","floor":12,"gold_loss":0},{"damage_healed":0,"gold_gain":0,"player_choice":"Relic","damage_taken":0,"max_hp_gain":0,"max_hp_loss":0,"event_name":"Wheel of Change","floor":22,"gold_loss":0},{"damage_healed":0,"gold_gain":0,"player_choice":"Bought 0 Potions","damage_taken":0,"max_hp_gain":0,"max_hp_loss":0,"event_name":"The Woman in Blue","floor":45,"gold_loss":0}],"is_beta":false,"boss_relics":[{"not_picked":["Calling Bell","Sozu"],"picked":"Pandora\u0027s Box"},{"not_picked":["Cursed Key","Busted Crown"],"picked":"Runic Pyramid"}],"items_purged_floors":[3,14,19,39,47,54],"is_endless":false,"potions_floor_spawned":[1,4,13,18,21,23,28,29,38,41,46,55],"ascension_level":20,"potion_discard_per_floor":[[],["Block Potion"],[],["BottledMiracle"],[],[],[],[],[],[],[],[],["Explosive Potion"],[],[],[],[],[],[],[],[],[],[],[],[],[],[],[],["FearPotion"],[],[],[],[],[],[],[],[],[],[],[],[],[],[],[],[],[],[],[],[],[],[],[],[],[],[],[],[]]}