{"neow_bonuses_skipped_log":["RANDOM_COLORLESS","TWENTY_PERCENT_HP_BONUS","BOSS_RELIC"],"potions_obtained_entropic_brew":[[],[],[],[],[],[],[],[],[],[],[],[],[],[],[],[],[],[],[],[],[],[],[],[],[]],"neow_costs_skipped_log":["NONE","PERCENT_DAMAGE","NONE"],"gold_per_floor":[219,219,29,42,60,86,86,119,119,134,59,59,89,101,113,197,209,234,246,258,289,301,313,338,350],"floor_reached":25,"playtime":3219,"items_purged":[],"score":438,"play_id":"b823fc2f-d74b-4503-866f-6cfd83dd8300","local_time":"20220914160105","score_breakdown":["Floors Climbed (25): 125","Enemies Slain (7): 14","Exordium Elites Killed (3): 30","City Elites Killed (0): 0","Bosses Slain (1): 50","Ascension (20): 219"],"is_ascension_mode":true,"potions_obtained_alchemize":[[],[],[],[],[],[],[],[],[],[],[],[],[],[],[],[],[],[],[],[],[],[],[],[],[]],"campfire_choices":[{"data":"Apotheosis","floor":7.0,"key":"SMITH"},{"floor":15.0,"key":"REST"},{"floor":23.0,"key":"REST"}],"lesson_learned_per_floor":[[],[],[],[],[],[],[],[],[],[],[],[],[],[],[],[],[],[],[],[],[],[],[],[],[]],"neow_cost":"NONE","seed_source_timestamp":9555647005400,"shop_contents":[{"floor":3,"relics":["Turnip","Du-Vu Doll","Lee\u0027s Waffle"],"cards":["Anger","Heavy Blade","Flex","Double Tap","Rupture+1","Swift Strike"],"potions":["ColorlessPotion","EssenceOfSteel","Ancient Potion"]},{"floor":12,"relics":["Mercury Hourglass","Self Forming Clay","OrangePellets"],"cards":["Blood for Blood","Clash","Infernal Blade","Shrug It Off","Feel No Pain+1","Discovery","Metamorphosis"],"potions":["LiquidBronze","SkillPotion","PowerPotion"]}],"circlet_count":0,"master_deck":["AscendersBane","Strike_R","Strike_R","Defend_R","Defend_R","Defend_R","Defend_R","Bash","Anger","Apotheosis+1","Hemokinesis","Ghostly Armor","Uppercut+1","Shockwave","Feed","Shrug It Off","Burning Pact"],"special_seed":0,"potion_use_per_floor":[[],[],[],[],[],["HeartOfIron"],[],[],[],[],[],[],[],[],[],["AttackPotion"],[],["Ancient Potion","SpeedPotion"],[],[],["AttackPotion"],[],[],[],["BloodPotion"]],"relics":["Burning Blood","Frozen Egg 2","MealTicket","TungstenRod","The Courier","MawBank","Philosopher\u0027s Stone"],"potions_floor_usage":[25],"damage_taken":[{"damage":3.0,"enemies":"2 Louse","floor":1.0,"turns":4.0},{"damage":12.0,"enemies":"Jaw Worm","floor":4.0,"turns":3.0},{"damage":8.0,"enemies":"Small Slimes","floor":5.0,"turns":3.0},{"damage":18.0,"enemies":"3 Sentries","floor":6.0,"turns":9.0},{"damage":12.0,"enemies":"Lagavulin","floor":8.0,"turns":7.0},{"damage":5.0,"enemies":"2 Fungi Beasts","floor":10.0,"turns":4.0},{"damage":22.0,"enemies":"3 Sentries","floor":13.0,"turns":8.0},{"damage":46.0,"enemies":"Slime Boss","floor":16.0,"turns":8.0},{"damage":10.0,"enemies":"2 Thieves","floor":18.0,"turns":5.0},{"damage":14.0,"enemies":"3 Byrds","floor":21.0,"turns":5.0},{"damage":10.0,"enemies":"Snake Plant","floor":24.0,"turns":6.0},{"damage":80,"enemies":"Slavers","floor":25,"turns":4}],"seed_played":"4268469690079846819","neow_bonus_log":{"cardsObtained":[],"cardsUpgraded":[],"cardsRemoved":[],"cardsTransformed":[],"relicsObtained":[],"maxHpGained":0,"goldGained":100,"damageTaken":0,"goldLost":0,"maxHpLost":0},"potions_obtained":[{"floor":1.0,"key":"HeartOfIron"},{"floor":6.0,"key":"AttackPotion"},{"floor":8.0,"key":"SpeedPotion"},{"floor":16.0,"key":"Ancient Potion"},{"floor":18.0,"key":"AttackPotion"},{"floor":24.0,"key":"BloodPotion"}],"is_trial":false,"path_per_floor":["M","?","$","M","M","E","R","E","T","M","?","$","E","?","R","B",null,"M","?","?","M","?","R","M","E"],"character_chosen":"IRONCLAD","items_purchased":["Apotheosis"],"campfire_rested":2,"item_purchase_floors":[3],"current_hp_per_floor":[71,60,60,54,52,40,40,34,34,35,35,50,34,28,50,10,59,59,37,37,33,33,59,59,0],"gold":350,"neow_bonus":"HUNDRED_GOLD","is_prod":false,"is_daily":false,"rewards_skipped":[{"floor":10,"relics":[],"potions":["Ancient Potion"]}],"chose_seed":false,"campfire_upgraded":1,"win_rate":0,"floor_exit_playtime":[279,307,389,451,507,624,635,828,832,1006,1026,1057,1238,1276,1280,1808,2023,2300,2403,2410,2918,2989,3002,3135],"timestamp":1663185665,"path_taken":["M","?","$","M","?","E","R","E","T","M","?","?","E","?","R","BOSS","M","?","?","M","?","R","M","E"],"build_version":"2022-03-07","purchased_purges":0,"victory":false,"max_hp_per_floor":[75,75,75,75,75,75,75,75,75,75,75,75,75,75,75,75,75,79,84,84,88,88,88,92,92],"card_choices":[{"not_picked":["Heavy Blade","Headbutt"],"picked":"Anger","floor":1.0},{"not_picked":["Thunderclap","Iron Wave"],"picked":"Hemokinesis","floor":4.0},{"not_picked":["Clash","True Grit","Warcry"],"picked":"SKIP","floor":5.0},{"not_picked":["Twin Strike","Thunderclap"],"picked":"Ghostly Armor","floor":6.0},{"not_picked":["Rupture+1","Infernal Blade","Searing Blow"],"picked":"SKIP","floor":8.0},{"not_picked":["Fire Breathing+1","Clothesline"],"picked":"Uppercut","floor":10.0},{"not_picked":["Havoc","Bludgeon"],"picked":"Shockwave","floor":13.0},{"not_picked":["Juggernaut+1","Bludgeon"],"picked":"Feed","floor":16.0},{"not_picked":["Anger","Body Slam+1"],"picked":"Shrug It Off","floor":18.0},{"not_picked":["Wild Strike","Headbutt","Metallicize+1"],"picked":"SKIP","floor":21.0},{"not_picked":["Flex","Anger"],"picked":"Burning Pact","floor":24.0}],"player_experience":31491,"relics_obtained":[{"floor":6.0,"key":"MealTicket"},{"floor":8.0,"key":"TungstenRod"},{"floor":9.0,"key":"The Courier"},{"floor":13.0,"key":"MawBank"}],"event_choices":[{"damage_healed":0.0,"max_hp_gain":0.0,"max_hp_loss":0.0,"gold_gain":0.0,"event_name":"Scrap Ooze","player_choice":"Success","floor":2.0,"gold_loss":0.0,"damage_taken":11.0,"relics_obtained":["Frozen Egg 2"]},{"cards_removed":["Strike_R"],"damage_healed":0.0,"max_hp_gain":0.0,"max_hp_loss":0.0,"gold_gain":0.0,"event_name":"The Cleric","player_choice":"Card Removal","floor":11.0,"gold_loss":75.0,"damage_taken":0.0},{"cards_removed":["Strike_R"],"damage_healed":0.0,"max_hp_gain":0.0,"max_hp_loss":0.0,"gold_gain":0.0,"event_name":"Golden Wing","player_choice":"Card Removal","floor":14.0,"gold_loss":0.0,"damage_taken":7.0},{"damage_healed":0.0,"max_hp_gain":5.0,"max_hp_loss":0.0,"gold_gain":0.0,"event_name":"Forgotten Altar","player_choice":"Shed Blood","floor":19.0,"gold_loss":0.0,"damage_taken":28.0},{"cards_removed":["Strike_R"],"damage_healed":0.0,"max_hp_gain":0.0,"max_hp_loss":0.0,"gold_gain":0.0,"event_name":"Purifier","player_choice":"Purged","floor":20.0,"gold_loss":0.0,"damage_taken":0.0},{"damage_healed":0.0,"max_hp_gain":0.0,"max_hp_loss":0.0,"gold_gain":0.0,"event_name":"Upgrade Shrine","player_choice":"Upgraded","floor":22.0,"gold_loss":0.0,"damage_taken":0.0,"cards_upgraded":["Uppercut"]}],"is_beta":false,"boss_relics":[{"not_picked":["Black Star","Runic Dome"],"picked":"Philosopher\u0027s Stone"}],"items_purged_floors":[],"is_endless":false,"potions_floor_spawned":[1,6,8,10,16,18,24],"killed_by":"Slavers","ascension_level":20,"potion_discard_per_floor":[[],[],[],[],[],[],[],[],[],[],[],[],[],[],[],[],[],[],[],[],[],[],[],[],[]]}