{"neow_bonuses_skipped_log":["UPGRADE_CARD","THREE_SMALL_POTIONS","BOSS_RELIC"],"neow_costs_skipped_log":["NONE","NONE","NONE"],"potions_obtained_entropic_brew":[[],[],[],[],[],[],[],[],[],[],[],[],[],[],[],[],[],[],[],[],[],[],[],[],[],[],[],[],[],[],[],[],[],[],[],[],[],[],[],[],[],[],[],[],[],[],[],[],[],[],[],[],[],[],[],[],[]],"gold_per_floor":[112,112,129,148,148,179,179,208,208,208,224,243,268,268,268,340,340,353,366,439,439,456,487,487,516,597,617,634,559,2,27,27,104,104,124,175,189,200,219,251,14,14,14,50,78,105,127,145,145,145,145,145,145,20,58,58],"floor_reached":57,"playtime":5646,"items_purged":["Reckless Charge","Strike_R","Strike_R"],"score":3123,"play_id":"0bd069d6-6f80-4cbe-aca7-2e2662e96e40","local_time":"20220920212930","score_breakdown":["Floors Climbed (57): 285","Enemies Slain (17): 34","Exordium Elites Killed (3): 30","City Elites Killed (3): 60","Beyond Elites Killed (3): 90","Bosses Slain (5): 750","Librarian: 25","Champion (2): 50","Perfect (2): 100","Overkill: 25","Ascension (20): 1424","Heartbreaker: 250"],"is_ascension_mode":true,"potions_obtained_alchemize":[[],[],[],[],[],[],[],[],[],[],[],[],[],[],[],[],[],[],[],[],[],[],[],[],[],[],[],[],[],[],[],[],[],[],[],[],[],[],[],[],[],[],[],[],[],[],[],[],[],[],[],[],[],[],[],[],[]],"campfire_choices":[{"floor":7,"key":"REST"},{"floor":10,"key":"REST"},{"data":"Armaments","floor":15,"key":"SMITH"},{"data":"Dual Wield","floor":24,"key":"SMITH"},{"data":"Bludgeon","floor":32,"key":"SMITH"},{"floor":42,"key":"RECALL"},{"data":"Feel No Pain","floor":49,"key":"SMITH"},{"data":"Shockwave","floor":53,"key":"SMITH"}],"lesson_learned_per_floor":[[],[],[],[],[],[],[],[],[],[],[],[],[],[],[],[],[],[],[],[],[],[],[],[],[],[],[],[],[],[],[],[],[],[],[],[],[],[],[],[],[],[],[],[],[],[],[],[],[],[],[],[],[],[],[],[],[]],"neow_cost":"TEN_PERCENT_HP_LOSS","improvable_cards":{},"seed_source_timestamp":283932813663900,"shop_contents":[{"floor":30,"relics":["Vajra","Bottled Flame","Strange Spoon"],"cards":["Headbutt","Havoc","Master of Strategy"],"potions":["ElixirPotion","Swift Potion","PowerPotion"]},{"floor":41,"relics":["Darkstone Periapt","War Paint"],"cards":["Immolate","Carnage","Warcry","Spot Weakness","Combust","Panacea","Chrysalis"],"potions":["ColorlessPotion","Dexterity Potion","Strength Potion"]},{"floor":54,"relics":["Orichalcum","Bag of Marbles","Lee\u0027s Waffle"],"cards":["Heavy Blade+1","Pummel+1","Offering","Intimidate","Fire Breathing","Mind Blast+1","Secret Technique"],"potions":["CultistPotion","SpeedPotion","GamblersBrew"]}],"circlet_count":0,"master_deck":["AscendersBane","Strike_R","Strike_R+1","Defend_R","Defend_R","Defend_R","Defend_R","Bash","Clothesline","Uppercut","Armaments+1","Twin Strike+1","Power Through","True Grit","Fiend Fire","Second Wind+1","Disarm","Dual Wield+1","Corruption","Burning Pact+1","Feel No Pain+1","Exhume","Bludgeon+1","Discovery","Evolve","Fiend Fire","Bloodletting+1","Shrug It Off","Barricade","Battle Trance","Flame Barrier","Dark Embrace","Dark Embrace+1","Shockwave+1","Disarm"],"potion_use_per_floor":[[],[],[],[],[],["SteroidPotion"],[],["Fire Potion"],[],[],[],[],[],[],[],[],[],[],[],[],[],["GamblersBrew"],["BloodPotion"],[],[],[],["BloodPotion"],["Swift Potion"],[],[],["BloodPotion"],[],[],[],[],["SkillPotion"],[],[],[],[],[],[],[],[],[],[],[],[],[],[],[],[],[],[],["Swift Potion"],["SkillPotion"],[]],"relics":["Burning Blood","Torii","Unceasing Top","Pen Nib","Strawberry","HornCleat","Letter Opener","Snecko Eye","White Beast Statue","Lantern","Bronze Scales","Ice Cream","Mark of Pain","Mango","CeramicFish","Orrery","Molten Egg 2","Whetstone","Lizard Tail","Red Skull"],"potions_floor_usage":[6,8,22,23,27,28,31,36,55,56],"damage_taken":[{"damage":1,"enemies":"Small Slimes","floor":1,"turns":3},{"damage":8,"enemies":"Jaw Worm","floor":3,"turns":5},{"damage":1,"enemies":"Cultist","floor":4,"turns":3},{"damage":42,"enemies":"3 Sentries","floor":6,"turns":15},{"damage":30,"enemies":"Lagavulin","floor":8,"turns":6},{"damage":8,"enemies":"2 Fungi Beasts","floor":11,"turns":4},{"damage":8,"enemies":"3 Louse","floor":12,"turns":3},{"damage":16,"enemies":"3 Sentries","floor":13,"turns":9},{"damage":12,"enemies":"The Guardian","floor":16,"turns":16},{"damage":0,"enemies":"3 Byrds","floor":18,"turns":6},{"damage":0,"enemies":"Chosen","floor":19,"turns":3},{"damage":16,"enemies":"Snake Plant","floor":22,"turns":5},{"damage":27,"enemies":"Book of Stabbing","floor":23,"turns":6},{"damage":24,"enemies":"Slavers","floor":25,"turns":7},{"damage":16,"enemies":"Sentry and Sphere","floor":27,"turns":5},{"damage":10,"enemies":"Shelled Parasite and Fungi","floor":28,"turns":3},{"damage":15,"enemies":"Book of Stabbing","floor":31,"turns":4},{"damage":0,"enemies":"Automaton","floor":33,"turns":7},{"damage":11,"enemies":"3 Darklings","floor":35,"turns":3},{"damage":7,"enemies":"2 Orb Walkers","floor":36,"turns":4},{"damage":0,"enemies":"3 Shapes","floor":37,"turns":3},{"damage":2,"enemies":"Transient","floor":38,"turns":6},{"damage":24,"enemies":"Jaw Worm Horde","floor":39,"turns":3},{"damage":43,"enemies":"Reptomancer","floor":40,"turns":4},{"damage":0,"enemies":"Nemesis","floor":44,"turns":3},{"damage":6,"enemies":"Writhing Mass","floor":45,"turns":3},{"damage":3,"enemies":"Giant Head","floor":46,"turns":5},{"damage":1,"enemies":"Sphere and 2 Shapes","floor":47,"turns":4},{"damage":0,"enemies":"Transient","floor":48,"turns":6},{"damage":9,"enemies":"Time Eater","floor":50,"turns":6},{"damage":0,"enemies":"Donu and Deca","floor":51,"turns":3},{"damage":36,"enemies":"Shield and Spear","floor":55,"turns":14},{"damage":45,"enemies":"The Heart","floor":56,"turns":8}],"green_key_taken_log":25,"seed_played":"4395423573663132381","neow_bonus_log":{"cardsObtained":[],"cardsUpgraded":[],"cardsRemoved":[],"cardsTransformed":[],"relicsObtained":["Torii"],"maxHpGained":0,"goldGained":0,"damageTaken":0,"goldLost":0,"maxHpLost":7},"potions_obtained":[{"floor":3,"key":"SteroidPotion"},{"floor":6,"key":"Fire Potion"},{"floor":11,"key":"GamblersBrew"},{"floor":16,"key":"BloodPotion"},{"floor":22,"key":"Swift Potion"},{"floor":23,"key":"SpeedPotion"},{"floor":25,"key":"BloodPotion"},{"floor":27,"key":"DuplicationPotion"},{"floor":28,"key":"BloodPotion"},{"floor":31,"key":"SkillPotion"},{"floor":36,"key":"FairyPotion"},{"floor":48,"key":"Swift Potion"},{"floor":55,"key":"SkillPotion"}],"is_trial":false,"path_per_floor":["M","?","M","M","?","E","R","E","T","R","M","M","E","?","R","B",null,"M","M","T","?","M","E","R","E","T","M","M","?","$","E","R","B",null,"M","?","M","M","M","E","$","R","T","E","M","E","M","M","R","B","B",null,"R","$","E","B",null],"character_chosen":"IRONCLAD","items_purchased":["Feel No Pain","Exhume","Bludgeon","Discovery","Orrery"],"campfire_rested":2,"item_purchase_floors":[30,30,30,30,41],"current_hp_per_floor":[68,73,71,73,47,11,32,15,15,39,37,35,25,25,25,19,65,71,77,77,77,67,62,62,44,44,50,46,46,46,53,53,59,75,70,83,89,93,75,38,38,38,38,44,44,47,52,58,58,55,61,86,86,86,56,17],"gold":58,"neow_bonus":"ONE_RARE_RELIC","is_prod":false,"is_daily":false,"rewards_skipped":[{"floor":33,"relics":[],"potions":["Regen Potion"]},{"floor":35,"relics":[],"potions":["Regen Potion"]},{"floor":37,"relics":[],"potions":["SkillPotion"]},{"floor":38,"relics":[],"potions":["BloodPotion"]},{"floor":39,"relics":[],"potions":["SmokeBomb"]},{"floor":40,"relics":[],"potions":["Fire Potion"]},{"floor":44,"relics":[],"potions":["PowerPotion"]},{"floor":45,"relics":[],"potions":["SteroidPotion"]},{"floor":46,"relics":[],"potions":["FearPotion"]},{"floor":47,"relics":[],"potions":["FearPotion"]}],"chose_seed":false,"campfire_upgraded":5,"win_rate":0,"floor_exit_playtime":[108,113,170,212,228,574,578,738,773,778,871,977,1163,1172,1179,1545,1661,1823,1885,1892,1942,2112,2375,2384,2567,2660,2845,2925,2934,3025,3101,3145,3374,3438,3534,3631,3727,3844,3950,4086,4193,4252,4257,4342,4419,4575,4686,4829,4852,4980,5061,5074,5089,5103,5374,5646],"timestamp":1663723770,"blue_key_relic_skipped_log":{"floor":26,"relicID":"Matryoshka"},"path_taken":["M","?","M","M","?","E","R","E","T","R","M","M","E","?","R","BOSS","M","M","?","?","?","E","R","E","T","M","M","?","$","E","R","BOSS","M","?","M","?","M","E","$","R","T","E","M","E","M","M","R","BOSS","BOSS","R","$","E","BOSS"],"build_version":"2022-03-07","purchased_purges":3,"victory":true,"max_hp_per_floor":[68,73,73,73,73,73,73,80,80,80,80,80,80,80,80,80,80,80,80,80,80,80,80,80,80,80,80,80,80,80,80,80,80,80,80,94,94,94,94,94,94,94,94,94,94,94,94,94,94,94,94,94,94,94,94,94],"card_choices":[{"not_picked":["Rupture","Intimidate"],"picked":"Clothesline","floor":1},{"not_picked":["Wild Strike","Twin Strike"],"picked":"Uppercut","floor":3},{"not_picked":["Cleave","Sword Boomerang"],"picked":"Armaments","floor":4},{"not_picked":["Rupture","Barricade"],"picked":"Twin Strike","floor":6},{"not_picked":["Ghostly Armor","Body Slam"],"picked":"Power Through","floor":8},{"not_picked":["Twin Strike","Flex"],"picked":"Anger","floor":11},{"not_picked":["Armaments","Iron Wave","Reckless Charge"],"picked":"SKIP","floor":12},{"not_picked":["Power Through","Clothesline"],"picked":"True Grit","floor":13},{"not_picked":["Bludgeon","Feed"],"picked":"Fiend Fire","floor":16},{"not_picked":["Iron Wave+1","Anger","Wild Strike"],"picked":"SKIP","floor":18},{"not_picked":["Havoc","Flex"],"picked":"Second Wind+1","floor":19},{"not_picked":["Second Wind","Entrench"],"picked":"Disarm","floor":22},{"not_picked":["Cleave","Clothesline"],"picked":"Dual Wield","floor":23},{"not_picked":["Clothesline","Thunderclap"],"picked":"Corruption","floor":25},{"not_picked":["Intimidate","Flex","Twin Strike"],"picked":"SKIP","floor":27},{"not_picked":["Anger","Headbutt"],"picked":"Burning Pact+1","floor":28},{"not_picked":["Flex","Immolate"],"picked":"Evolve","floor":31},{"not_picked":["Bludgeon","Brutality"],"picked":"Fiend Fire","floor":33},{"not_picked":["Seeing Red","Clothesline","Heavy Blade"],"picked":"SKIP","floor":35},{"not_picked":["True Grit+1","Blood for Blood"],"picked":"Bloodletting+1","floor":36},{"not_picked":["Evolve","Pommel Strike"],"picked":"Shrug It Off","floor":37},{"not_picked":["Infernal Blade","Blood for Blood+1","Flex"],"picked":"SKIP","floor":38},{"not_picked":["Rage","Armaments","Whirlwind"],"picked":"SKIP","floor":39},{"not_picked":["Metallicize+1","Anger","Wild Strike"],"picked":"SKIP","floor":40},{"not_picked":["Rampage","Warcry"],"picked":"Barricade","floor":41},{"not_picked":["Armaments","Combust"],"picked":"Battle Trance","floor":41},{"not_picked":["Blood for Blood","Anger"],"picked":"Flame Barrier","floor":41},{"not_picked":["Body Slam","Havoc","Wild Strike"],"picked":"SKIP","floor":41},{"not_picked":["Warcry+1","Reckless Charge+1","True Grit"],"picked":"SKIP","floor":41},{"not_picked":["Intimidate+1","Twin Strike+1"],"picked":"Dark Embrace","floor":44},{"not_picked":["Warcry","Armaments+1"],"picked":"Dark Embrace+1","floor":45},{"not_picked":["Heavy Blade+1","True Grit+1","Sword Boomerang+1"],"picked":"SKIP","floor":46},{"not_picked":["Searing Blow+1","Evolve"],"picked":"Shockwave","floor":47},{"not_picked":["Sever Soul+1","Twin Strike+1","Battle Trance"],"picked":"SKIP","floor":48},{"not_picked":["Sentinel+1","Iron Wave+1"],"picked":"Disarm","floor":55}],"player_experience":95086,"relics_obtained":[{"floor":6,"key":"Pen Nib"},{"floor":8,"key":"Strawberry"},{"floor":9,"key":"HornCleat"},{"floor":13,"key":"Letter Opener"},{"floor":20,"key":"White Beast Statue"},{"floor":23,"key":"Lantern"},{"floor":25,"key":"Bronze Scales"},{"floor":31,"key":"Ice Cream"},{"floor":36,"key":"Mango"},{"floor":40,"key":"CeramicFish"},{"floor":43,"key":"Molten Egg 2"},{"floor":44,"key":"Whetstone"},{"floor":46,"key":"Lizard Tail"},{"floor":55,"key":"Red Skull"}],"event_choices":[{"damage_healed":0,"gold_gain":0,"player_choice":"Donut","damage_taken":0,"max_hp_gain":5,"max_hp_loss":0,"event_name":"Big Fish","floor":2,"gold_loss":0},{"damage_healed":0,"gold_gain":0,"player_choice":"Success","damage_taken":26,"relics_obtained":["Unceasing Top"],"max_hp_gain":0,"max_hp_loss":0,"event_name":"Scrap Ooze","floor":5,"gold_loss":0},{"damage_healed":0,"gold_gain":0,"cards_transformed":["Strike_R"],"player_choice":"Transformed","damage_taken":0,"max_hp_gain":0,"max_hp_loss":0,"event_name":"Transmorgrifier","floor":14,"gold_loss":0,"cards_obtained":["Reckless Charge"]},{"damage_healed":0,"gold_gain":0,"player_choice":"Ignored","damage_taken":0,"max_hp_gain":0,"max_hp_loss":0,"event_name":"The Mausoleum","floor":21,"gold_loss":0},{"cards_removed":["Anger"],"damage_healed":0,"gold_gain":0,"player_choice":"Gave Gold","damage_taken":0,"max_hp_gain":0,"max_hp_loss":0,"event_name":"Beggar","floor":29,"gold_loss":75},{"damage_healed":0,"gold_gain":0,"player_choice":"Fight","damage_taken":0,"max_hp_gain":0,"max_hp_loss":0,"event_name":"Mysterious Sphere","floor":36,"gold_loss":0}],"is_beta":false,"boss_relics":[{"not_picked":["Coffee Dripper","Black Blood"],"picked":"Snecko Eye"},{"not_picked":["Calling Bell","Tiny House"],"picked":"Mark of Pain"}],"items_purged_floors":[30,41,54],"is_endless":false,"potions_floor_spawned":[3,6,11,16,22,23,25,27,28,31,33,35,36,37,38,39,40,44,45,46,47,48,55],"ascension_level":20,"potion_discard_per_floor":[[],[],[],[],[],[],[],[],[],[],[],[],[],[],[],[],[],[],[],[],[],[],[],[],["SpeedPotion"],[],[],[],[],[],[],[],[],[],[],[],[],[],[],[],[],[],[],[],[],[],[],["DuplicationPotion"],[],[],[],[],[],[],[],["FairyPotion"],[]]}