{"neow_bonuses_skipped_log":["TRANSFORM_CARD","HUNDRED_GOLD","BOSS_RELIC"],"potions_obtained_entropic_brew":[[],[],[],[],[],[],[],[],[],[],[],[],[],[],[],[],[],[],[],[],[]],"neow_costs_skipped_log":["NONE","NONE","NONE"],"gold_per_floor":[13,25,41,60,60,93,93,106,106,49,82,82,111,122,122,196,196,216,216,216,216],"floor_reached":21,"playtime":4999,"items_purged":[],"score":378,"play_id":"7bad0e3a-bf3f-4c0c-9ebf-51816c547a39","local_time":"20221029165544","score_breakdown":["Floors Climbed (21): 105","Enemies Slain (7): 14","Exordium Elites Killed (2): 20","City Elites Killed (0): 0","Bosses Slain (1): 50","Ascension (20): 189"],"is_ascension_mode":true,"potions_obtained_alchemize":[[],[],[],[],[],[],[],[],[],[],[],[],[],[],[],[],[],[],[],[],[]],"campfire_choices":[{"data":"Bash","floor":7,"key":"SMITH"},{"data":"Blood for Blood","floor":15,"key":"SMITH"}],"lesson_learned_per_floor":[[],[],[],[],[],[],[],[],[],[],[],[],[],[],[],[],[],[],[],[],[]],"neow_cost":"NO_GOLD","improvable_cards":{},"seed_source_timestamp":156305900152200,"shop_contents":[],"circlet_count":0,"master_deck":["AscendersBane","Strike_R","Strike_R","Strike_R","Strike_R+1","Strike_R","Defend_R","Defend_R","Defend_R","Defend_R+1","Bash+1","Clothesline","Feel No Pain","Headbutt","Havoc","Ghostly Armor","Pain","Blood for Blood+1","Brutality","Blood for Blood+1","Parasite","Pommel Strike","Reaper"],"potion_use_per_floor":[[],[],[],["Explosive Potion"],[],["FearPotion"],[],[],[],[],["SkillPotion"],[],["Fire Potion"],[],[],["HeartOfIron"],[],[],[],[],[]],"relics":["Burning Blood","Ginger","Juzu Bracelet","Letter Opener","WarpedTongs","Odd Mushroom","Fusion Hammer"],"potions_floor_usage":[4,6,11,13,16],"damage_taken":[{"damage":6,"enemies":"Cultist","floor":1,"turns":3},{"damage":2,"enemies":"2 Louse","floor":2,"turns":3},{"damage":4,"enemies":"Jaw Worm","floor":3,"turns":5},{"damage":11,"enemies":"Exordium Thugs","floor":4,"turns":4},{"damage":19,"enemies":"Lagavulin","floor":6,"turns":7},{"damage":9,"enemies":"Looter","floor":8,"turns":3},{"damage":19,"enemies":"3 Sentries","floor":11,"turns":13},{"damage":10,"enemies":"The Mushroom Lair","floor":13,"turns":5},{"damage":1,"enemies":"2 Fungi Beasts","floor":14,"turns":4},{"damage":7,"enemies":"Hexaghost","floor":16,"turns":8},{"damage":48,"enemies":"3 Byrds","floor":18,"turns":6},{"damage":21,"enemies":"Spheric Guardian","floor":21,"turns":3}],"seed_played":"7505792895663176938","neow_bonus_log":{"cardsObtained":[],"cardsUpgraded":[],"cardsRemoved":[],"cardsTransformed":[],"relicsObtained":["Ginger"],"maxHpGained":0,"goldGained":0,"damageTaken":0,"goldLost":99,"maxHpLost":0},"potions_obtained":[{"floor":3,"key":"Explosive Potion"},{"floor":4,"key":"FearPotion"},{"floor":6,"key":"SkillPotion"},{"floor":11,"key":"Fire Potion"},{"floor":14,"key":"HeartOfIron"}],"is_trial":false,"path_per_floor":["M","M","M","M","?","E","R","M","T","?","E","?","?","M","R","B",null,"M","?","?","M"],"character_chosen":"IRONCLAD","items_purchased":[],"campfire_rested":0,"item_purchase_floors":[],"current_hp_per_floor":[68,72,74,69,46,33,33,30,30,30,17,17,13,18,18,17,61,19,19,19,0],"gold":216,"neow_bonus":"ONE_RARE_RELIC","is_prod":false,"is_daily":false,"rewards_skipped":[{"floor":11,"relics":["Bottled Lightning"],"potions":[]}],"chose_seed":false,"campfire_upgraded":2,"win_rate":0,"floor_exit_playtime":[725,956,1062,1448,1485,1837,1892,2112,2130,2275,2797,2975,3227,3324,3340,3972,4330,4691,4718,4840],"timestamp":1667076944,"path_taken":["M","?","M","M","?","E","R","M","T","?","E","?","?","M","R","BOSS","M","?","?","M"],"build_version":"2022-10-04","purchased_purges":0,"victory":false,"max_hp_per_floor":[75,75,75,75,75,75,75,75,75,75,75,75,75,75,75,75,75,75,75,75,75],"card_choices":[{"not_picked":["Intimidate","True Grit"],"picked":"Clothesline","floor":1},{"not_picked":["Flex","Thunderclap"],"picked":"Feel No Pain","floor":2},{"not_picked":["Cleave","Flame Barrier"],"picked":"Headbutt","floor":3},{"not_picked":["Cleave","Bloodletting"],"picked":"Havoc","floor":4},{"not_picked":["Sever Soul","Dual Wield","Limit Break"],"picked":"SKIP","floor":6},{"not_picked":["Sever Soul","Dual Wield","Limit Break"],"picked":"SKIP","floor":6},{"not_picked":["Dual Wield","Thunderclap","True Grit"],"picked":"SKIP","floor":8},{"not_picked":["True Grit","Iron Wave"],"picked":"Ghostly Armor","floor":11},{"not_picked":["Wild Strike","Flex","Sentinel"],"picked":"SKIP","floor":13},{"not_picked":["Entrench","Heavy Blade"],"picked":"Blood for Blood","floor":14},{"not_picked":["Limit Break","Juggernaut"],"picked":"Brutality","floor":16},{"not_picked":["Intimidate","Cleave","Clash+1"],"picked":"SKIP","floor":18}],"player_experience":272389,"relics_obtained":[{"floor":6,"key":"Juzu Bracelet"},{"floor":9,"key":"Letter Opener"},{"floor":13,"key":"Odd Mushroom"}],"event_choices":[{"damage_healed":0,"gold_gain":0,"player_choice":"Entered Light","damage_taken":23,"max_hp_gain":0,"max_hp_loss":0,"event_name":"Shining Light","floor":5,"gold_loss":0,"cards_upgraded":["Defend_R","Strike_R"]},{"damage_healed":0,"gold_gain":0,"player_choice":"Left Gold","damage_taken":0,"max_hp_gain":0,"max_hp_loss":0,"event_name":"World of Goop","floor":10,"gold_loss":57},{"damage_healed":0,"gold_gain":0,"player_choice":"Rummage","damage_taken":0,"relics_obtained":["WarpedTongs"],"max_hp_gain":0,"max_hp_loss":0,"event_name":"Accursed Blacksmith","floor":12,"gold_loss":0,"cards_obtained":["Pain"]},{"damage_healed":0,"gold_gain":0,"player_choice":"Fought Mushrooms","damage_taken":0,"max_hp_gain":0,"max_hp_loss":0,"event_name":"Mushrooms","floor":13,"gold_loss":0},{"damage_healed":0,"gold_gain":0,"player_choice":"Copied","damage_taken":0,"max_hp_gain":0,"max_hp_loss":0,"event_name":"Duplicator","floor":19,"gold_loss":0,"cards_obtained":["Blood for Blood"]},{"damage_healed":0,"gold_gain":0,"player_choice":"3 cards matched","damage_taken":0,"max_hp_gain":0,"max_hp_loss":0,"event_name":"Match and Keep!","floor":20,"gold_loss":0,"cards_obtained":["Parasite","Pommel Strike","Reaper"]},{"damage_healed":0,"gold_gain":0,"player_choice":"3 cards matched","damage_taken":0,"max_hp_gain":0,"max_hp_loss":0,"event_name":"Match and Keep!","floor":20,"gold_loss":0,"cards_obtained":["Parasite","Pommel Strike","Reaper"]}],"is_beta":false,"boss_relics":[{"not_picked":["SacredBark","Mark of Pain"],"picked":"Fusion Hammer"}],"items_purged_floors":[],"is_endless":false,"potions_floor_spawned":[3,4,6,11,14],"killed_by":"Spheric Guardian","ascension_level":20,"potion_discard_per_floor":[[],[],[],[],[],[],[],[],[],[],[],[],[],[],[],[],[],[],[],[],[]]}