{"neow_bonuses_skipped_log":["UPGRADE_CARD","THREE_SMALL_POTIONS","BOSS_RELIC"],"neow_costs_skipped_log":["NONE","NONE","NONE"],"potions_obtained_entropic_brew":[[],[],[],[],[],[],[],[],[],[],[],[],[],[],[],[],[],[],[],[],[],[],["FairyPotion","SmokeBomb"],[],[],[],[],[],[],[],[],[],[],[],[],[],[],[],[],[],[],[],[],[],[],[],[],[],[],[],[],[],[],[],[],[],[]],"gold_per_floor":[112,125,145,145,145,145,170,209,209,209,250,264,305,328,328,427,427,450,474,117,140,159,194,217,232,232,252,167,167,210,230,230,329,329,348,348,11,11,42,78,92,160,160,201,534,569,569,208,208,208,208,208,208,20,50,50],"floor_reached":57,"playtime":6580,"items_purged":["Anger","Twin Strike","Defend_R"],"score":3375,"play_id":"7e0d33a2-173e-4215-8797-64fea243e722","local_time":"20221108180010","score_breakdown":["Floors Climbed (57): 285","Enemies Slain (15): 30","Exordium Elites Killed (3): 30","City Elites Killed (2): 40","Beyond Elites Killed (3): 90","Bosses Slain (5): 750","Money Money (1279): 25","Champion (7): 175","Perfect (2): 100","Overkill: 25","C-c-c-combo: 25","Ascension (20): 1550","Heartbreaker: 250"],"is_ascension_mode":true,"potions_obtained_alchemize":[[],[],[],[],[],[],[],[],[],[],[],[],[],[],[],[],[],[],[],[],[],[],[],[],[],[],[],[],[],[],[],[],[],[],[],[],[],[],[],[],[],[],[],[],[],[],[],[],[],[],[],[],[],[],[],[],[]],"campfire_choices":[{"data":"Shockwave","floor":6,"key":"SMITH"},{"data":"Corruption","floor":10,"key":"SMITH"},{"data":"Pommel Strike","floor":15,"key":"SMITH"},{"data":"Apotheosis","floor":29,"key":"SMITH"},{"data":"Barricade","floor":32,"key":"SMITH"},{"floor":47,"key":"RECALL"},{"data":"Feel No Pain","floor":49,"key":"SMITH"},{"data":"Feel No Pain","floor":53,"key":"SMITH"}],"lesson_learned_per_floor":[[],[],[],[],[],[],[],[],[],[],[],[],[],[],[],[],[],[],[],[],[],[],[],[],[],[],[],[],[],[],[],[],[],[],[],[],[],[],[],[],[],[],[],[],[],[],[],[],[],[],[],[],[],[],[],[],[]],"neow_cost":"TEN_PERCENT_HP_LOSS","improvable_cards":{},"seed_source_timestamp":485900729691800,"shop_contents":[{"floor":20,"relics":["Bronze Scales","Red Skull"],"cards":["Cleave","Twin Strike","True Grit","Flex","Inflame","Jack Of All Trades"],"potions":["EssenceOfSteel","EssenceOfSteel","BlessingOfTheForge"]},{"floor":37,"relics":["Whetstone","OrangePellets"],"cards":["Sword Boomerang","Twin Strike","Sentinel","Limit Break","Combust+1","Panacea","Chrysalis"],"potions":["Weak Potion","Regen Potion","Energy Potion"]},{"floor":48,"relics":["Bag of Marbles"],"cards":["Body Slam","Pommel Strike","Havoc","Metallicize+1","HandOfGreed"],"potions":["FearPotion","SkillPotion","SmokeBomb"]},{"floor":54,"relics":["Pantograph","Eternal Feather","HandDrill"],"cards":["Perfected Strike","Uppercut","Power Through","True Grit","Fire Breathing+1","HandOfGreed"],"potions":["ColorlessPotion"]}],"circlet_count":0,"master_deck":["AscendersBane","Defend_R","Defend_R","Defend_R","Corruption+1","Shockwave+1","Flame Barrier","Feel No Pain+1","Shrug It Off","Shockwave","Shrug It Off","Pommel Strike+1","Barricade+1","Headbutt+1","Bloodletting+1","Offering+1","Apotheosis+1","Feel No Pain+1","Body Slam","Body Slam","Dark Embrace+1","Battle Trance","Dark Embrace+1","Second Wind","Secret Technique","Flame Barrier","Entrench+1","Shockwave","Burning Pact","Shrug It Off","PanicButton","PanicButton","Impervious"],"potion_use_per_floor":[[],[],[],[],[],[],[],[],[],[],[],[],[],[],[],[],[],[],[],[],[],[],["Strength Potion","EntropicBrew"],[],[],[],[],[],[],[],[],[],[],[],[],[],[],[],[],[],[],[],[],[],[],[],[],[],[],[],[],[],[],[],[],["Dexterity Potion","SpeedPotion"],[]],"relics":["Burning Blood","Odd Mushroom","Singing Bowl","HornCleat","Nunchaku","Blue Candle","Astrolabe","Toolbox","Frozen Egg 2","Prayer Wheel","Juzu Bracelet","Philosopher\u0027s Stone","Mummified Hand","Magic Flower","Regal Pillow","Torii","Boot","Anchor","Letter Opener","Membership Card","Potion Belt","Strawberry"],"potions_floor_usage":[23,23,56,56],"damage_taken":[{"damage":9,"enemies":"Jaw Worm","floor":1,"turns":6},{"damage":0,"enemies":"Cultist","floor":2,"turns":4},{"damage":14,"enemies":"Small Slimes","floor":3,"turns":4},{"damage":5,"enemies":"The Mushroom Lair","floor":7,"turns":5},{"damage":0,"enemies":"Lagavulin","floor":8,"turns":7},{"damage":2,"enemies":"Gremlin Nob","floor":11,"turns":5},{"damage":9,"enemies":"Blue Slaver","floor":12,"turns":4},{"damage":0,"enemies":"3 Sentries","floor":13,"turns":10},{"damage":0,"enemies":"Exordium Wildlife","floor":14,"turns":5},{"damage":36,"enemies":"The Guardian","floor":16,"turns":18},{"damage":0,"enemies":"3 Byrds","floor":18,"turns":3},{"damage":9,"enemies":"Spheric Guardian","floor":19,"turns":4},{"damage":4,"enemies":"Snake Plant","floor":21,"turns":6},{"damage":6,"enemies":"Chosen and Byrds","floor":22,"turns":3},{"damage":32,"enemies":"Slavers","floor":23,"turns":5},{"damage":14,"enemies":"Shelled Parasite and Fungi","floor":24,"turns":6},{"damage":0,"enemies":"Centurion and Healer","floor":25,"turns":6},{"damage":0,"enemies":"3 Cultists","floor":27,"turns":4},{"damage":1,"enemies":"Gremlin Leader","floor":30,"turns":5},{"damage":4,"enemies":"Shelled Parasite and Fungi","floor":31,"turns":2},{"damage":9,"enemies":"Collector","floor":33,"turns":3},{"damage":14,"enemies":"3 Darklings","floor":35,"turns":5},{"damage":0,"enemies":"Mind Bloom Boss Battle","floor":39,"turns":2},{"damage":6,"enemies":"Reptomancer","floor":40,"turns":2},{"damage":3,"enemies":"Orb Walker","floor":41,"turns":2},{"damage":9,"enemies":"2 Orb Walkers","floor":42,"turns":1},{"damage":3,"enemies":"Giant Head","floor":44,"turns":3},{"damage":6,"enemies":"Nemesis","floor":46,"turns":3},{"damage":9,"enemies":"Awakened One","floor":50,"turns":4},{"damage":7,"enemies":"Donu and Deca","floor":51,"turns":2},{"damage":9,"enemies":"Shield and Spear","floor":55,"turns":3},{"damage":11,"enemies":"The Heart","floor":56,"turns":7}],"green_key_taken_log":30,"seed_played":"5471930188630938342","neow_bonus_log":{"cardsObtained":["Corruption","Shockwave"],"cardsUpgraded":[],"cardsRemoved":[],"cardsTransformed":["Strike_R","Strike_R"],"relicsObtained":[],"maxHpGained":0,"goldGained":0,"damageTaken":0,"goldLost":0,"maxHpLost":7},"potions_obtained":[{"floor":7,"key":"SkillPotion"},{"floor":8,"key":"GamblersBrew"},{"floor":13,"key":"EntropicBrew"},{"floor":14,"key":"Strength Potion"},{"floor":25,"key":"LiquidMemories"},{"floor":33,"key":"Dexterity Potion"}],"is_trial":false,"path_per_floor":["M","M","M","?","?","R","?","E","T","R","E","M","E","M","R","B",null,"M","M","$","M","M","E","M","M","T","M","?","R","E","M","R","B",null,"M","?","$","?","?","E","M","?","T","E","?","E","R","$","R","B","B",null,"R","$","E","B",null],"character_chosen":"IRONCLAD","items_purchased":["Toolbox","Apotheosis","Mummified Hand","Membership Card","Potion Belt","Shrug It Off","PanicButton","DistilledChaos","SpeedPotion","PanicButton"],"campfire_rested":0,"item_purchase_floors":[20,20,37,48,48,48,48,54,54,54],"current_hp_per_floor":[65,68,60,60,53,53,54,60,60,60,62,59,62,64,64,34,57,65,64,64,66,68,42,34,40,40,48,48,48,53,57,57,56,71,65,65,65,59,65,70,76,78,78,84,84,84,84,84,84,84,84,84,84,84,91,89],"gold":50,"neow_bonus":"TRANSFORM_TWO_CARDS","is_prod":false,"is_daily":false,"rewards_skipped":[{"floor":11,"relics":[],"potions":["SpeedPotion"]},{"floor":18,"relics":[],"potions":["Explosive Potion"]},{"floor":22,"relics":[],"potions":["EssenceOfSteel"]},{"floor":41,"relics":[],"potions":["Fire Potion"]},{"floor":46,"relics":[],"potions":["PowerPotion"]}],"chose_seed":false,"campfire_upgraded":7,"win_rate":0,"floor_exit_playtime":[476,618,717,769,784,833,1081,1333,1345,1366,1468,1541,1726,1865,1892,2247,2638,2779,2899,3114,3228,3411,3581,3813,3970,4018,4135,4147,4159,4358,4438,4446,4621,4681,4846,4912,5060,5121,5222,5318,5446,5549,5554,5621,5629,5711,5716,5784,5811,6030,6134,6147,6156,6221,6347,6580],"timestamp":1667948410,"blue_key_relic_skipped_log":{"floor":26,"relicID":"Akabeko"},"path_taken":["M","M","M","?","?","R","?","E","T","R","E","M","E","M","R","BOSS","M","M","$","M","M","E","M","M","T","M","?","R","E","M","R","BOSS","M","?","$","?","?","E","M","?","T","E","?","E","R","$","R","BOSS","BOSS","R","$","E","BOSS"],"build_version":"2022-10-04","purchased_purges":3,"victory":true,"max_hp_per_floor":[68,68,68,62,62,62,62,62,62,62,62,62,62,64,64,64,64,66,68,68,68,70,70,70,70,70,72,72,72,72,74,74,76,76,78,74,74,78,78,80,80,82,82,84,84,84,84,84,84,84,84,84,84,84,91,91],"card_choices":[{"not_picked":["Cleave","Fire Breathing"],"picked":"Anger","floor":1},{"not_picked":["Thunderclap","Clothesline"],"picked":"Twin Strike","floor":2},{"not_picked":["Anger","Shrug It Off"],"picked":"Flame Barrier","floor":3},{"not_picked":["Sword Boomerang","Disarm"],"picked":"Feel No Pain","floor":7},{"not_picked":["Dropkick","Body Slam"],"picked":"Shrug It Off","floor":8},{"not_picked":["Pommel Strike","Heavy Blade"],"picked":"Shockwave","floor":11},{"not_picked":["Limit Break","True Grit"],"picked":"Shrug It Off","floor":12},{"not_picked":["Armaments","Iron Wave"],"picked":"Pommel Strike","floor":13},{"not_picked":["Combust","Intimidate","Pummel"],"picked":"Singing Bowl","floor":14},{"not_picked":["Limit Break","Demon Form"],"picked":"Barricade","floor":16},{"not_picked":["Rampage","Heavy Blade","Havoc"],"picked":"Singing Bowl","floor":18},{"not_picked":["Pommel Strike","Perfected Strike","Sever Soul"],"picked":"Singing Bowl","floor":19},{"not_picked":["Flex","Iron Wave"],"picked":"Feel No Pain","floor":21},{"not_picked":["Rupture","Ghostly Armor","Fire Breathing"],"picked":"Singing Bowl","floor":22},{"not_picked":["True Grit","Berserk+1"],"picked":"Body Slam","floor":23},{"not_picked":["Pummel","Wild Strike"],"picked":"Body Slam","floor":24},{"not_picked":["Pommel Strike","Body Slam"],"picked":"Dark Embrace+1","floor":25},{"not_picked":["Hemokinesis","Iron Wave","Wild Strike"],"picked":"Singing Bowl","floor":27},{"not_picked":["Wild Strike","Twin Strike"],"picked":"Battle Trance","floor":30},{"not_picked":["True Grit","Rage"],"picked":"Dark Embrace+1","floor":31},{"not_picked":["Rampage+1","Twin Strike","Havoc"],"picked":"Singing Bowl","floor":31},{"not_picked":["Demon Form+1","Immolate","Juggernaut+1"],"picked":"Singing Bowl","floor":33},{"not_picked":["Body Slam","Sever Soul"],"picked":"Second Wind","floor":35},{"not_picked":["Warcry","Iron Wave+1","True Grit+1"],"picked":"Singing Bowl","floor":35},{"not_picked":["Impatience","Flash of Steel"],"picked":"Secret Technique","floor":38},{"not_picked":["Impatience","Dramatic Entrance","Blind"],"picked":"Singing Bowl","floor":38},{"not_picked":["Chrysalis","Dramatic Entrance","Apotheosis"],"picked":"Singing Bowl","floor":38},{"not_picked":["Rampage","Shrug It Off"],"picked":"Flame Barrier","floor":39},{"not_picked":["Havoc","Rampage+1","Warcry"],"picked":"Singing Bowl","floor":40},{"not_picked":["Havoc","Battle Trance"],"picked":"Entrench+1","floor":41},{"not_picked":["Spot Weakness+1","Armaments"],"picked":"Shockwave","floor":41},{"not_picked":["Armaments","Power Through","Warcry"],"picked":"Singing Bowl","floor":42},{"not_picked":["Havoc+1","Sword Boomerang","Perfected Strike"],"picked":"Singing Bowl","floor":44},{"not_picked":["Pummel","Combust+1"],"picked":"Burning Pact","floor":46},{"not_picked":["Cleave","Shockwave"],"picked":"Impervious","floor":55}],"player_experience":312274,"relics_obtained":[{"floor":7,"key":"Odd Mushroom"},{"floor":8,"key":"Singing Bowl"},{"floor":9,"key":"HornCleat"},{"floor":11,"key":"Nunchaku"},{"floor":13,"key":"Blue Candle"},{"floor":23,"key":"Frozen Egg 2"},{"floor":30,"key":"Juzu Bracelet"},{"floor":39,"key":"Magic Flower"},{"floor":40,"key":"Regal Pillow"},{"floor":42,"key":"Torii"},{"floor":43,"key":"Boot"},{"floor":44,"key":"Anchor"},{"floor":46,"key":"Letter Opener"},{"floor":55,"key":"Strawberry"}],"event_choices":[{"damage_healed":0,"gold_gain":0,"player_choice":"Lose Max HP","damage_taken":0,"relics_obtained":["Golden Idol"],"max_hp_gain":0,"max_hp_loss":6,"event_name":"Golden Idol","floor":4,"gold_loss":0},{"cards_removed":["Strike_R"],"damage_healed":0,"gold_gain":0,"player_choice":"Card Removal","damage_taken":7,"max_hp_gain":0,"max_hp_loss":0,"event_name":"Golden Wing","floor":5,"gold_loss":0},{"damage_healed":0,"gold_gain":0,"player_choice":"Fought Mushrooms","damage_taken":0,"max_hp_gain":0,"max_hp_loss":0,"event_name":"Mushrooms","floor":7,"gold_loss":0},{"damage_healed":0,"gold_gain":0,"player_choice":"Obtained Relic","damage_taken":0,"relics_obtained":["Prayer Wheel"],"max_hp_gain":0,"max_hp_loss":0,"event_name":"Addict","floor":28,"gold_loss":85},{"damage_healed":0,"gold_gain":0,"player_choice":"Max HP","damage_taken":0,"max_hp_gain":0,"max_hp_loss":4,"event_name":"Winding Halls","floor":36,"gold_loss":0},{"damage_healed":0,"gold_gain":0,"player_choice":"Memory 3","damage_taken":10,"max_hp_gain":0,"max_hp_loss":0,"event_name":"SensoryStone","floor":38,"gold_loss":0},{"damage_healed":0,"gold_gain":0,"player_choice":"Fight","damage_taken":0,"max_hp_gain":0,"max_hp_loss":0,"event_name":"MindBloom","floor":39,"gold_loss":0},{"damage_healed":0,"gold_gain":0,"player_choice":"Fight","damage_taken":0,"max_hp_gain":0,"max_hp_loss":0,"event_name":"Mysterious Sphere","floor":42,"gold_loss":0},{"damage_healed":0,"gold_gain":333,"player_choice":"Gave Idol","damage_taken":0,"max_hp_gain":0,"max_hp_loss":0,"event_name":"The Moai Head","floor":45,"relics_lost":["Golden Idol"],"gold_loss":0}],"is_beta":false,"boss_relics":[{"not_picked":["Pandora\u0027s Box","Empty Cage"],"picked":"Astrolabe"},{"not_picked":["Black Star","Mark of Pain"],"picked":"Philosopher\u0027s Stone"}],"items_purged_floors":[37,48,54],"is_endless":false,"potions_floor_spawned":[7,8,11,13,14,18,22,25,33,41,46],"ascension_level":20,"potion_discard_per_floor":[[],[],[],[],[],[],[],[],[],[],[],[],["SkillPotion"],["GamblersBrew"],[],[],[],[],[],[],[],[],[],[],["SmokeBomb"],[],[],[],[],[],[],[],["LiquidMemories"],[],[],[],[],[],[],[],[],[],[],[],[],[],[],[],[],[],[],[],[],[],[],[],[]]}