{"neow_bonuses_skipped_log":["THREE_CARDS","THREE_ENEMY_KILL","BOSS_RELIC"],"potions_obtained_entropic_brew":[[],[],[],[],[],[],[],[],[],[],[],[],[],[]],"neow_costs_skipped_log":["NONE","NONE","NONE"],"gold_per_floor":[15,35,35,0,14,49,49,75,100,175,204,215,233,233],"floor_reached":14,"playtime":818,"items_purged":[],"score":270,"play_id":"956f1734-07ab-49a1-b635-c4aee1ef50ef","local_time":"20230111185845","score_breakdown":["Floors Climbed (14): 70","Enemies Slain (5): 10","Exordium Elites Killed (3): 30","Bosses Slain (0): 0","Champion (1): 25","Ascension (20): 135"],"is_ascension_mode":true,"potions_obtained_alchemize":[[],[],[],[],[],[],[],[],[],[],[],[],[],[]],"campfire_choices":[{"data":"Beam Cell","floor":7,"key":"SMITH"}],"lesson_learned_per_floor":[[],[],[],[],[],[],[],[],[],[],[],[],[],[]],"neow_cost":"NO_GOLD","improvable_cards":{"Genetic Algorithm":[9]},"seed_source_timestamp":919003177431097660,"shop_contents":[],"circlet_count":0,"master_deck":["AscendersBane","Strike_B","Strike_B+1","Strike_B+1","Strike_B","Defend_B","Defend_B","Defend_B","Defend_B","Zap","Dualcast","Lockon","Beam Cell+1","Ball Lightning","Undo","Genetic Algorithm","Sweeping Beam","Skim"],"potion_use_per_floor":[[],[],[],[],[],[],[],["Strength Potion"],[],[],[],[],[],[]],"relics":["Cracked Core","Ancient Tea Set","Orichalcum","Whetstone","Oddly Smooth Stone"],"potions_floor_usage":[8],"damage_taken":[{"damage":1,"enemies":"Cultist","floor":1,"turns":4},{"damage":4,"enemies":"Small Slimes","floor":2,"turns":3},{"damage":0,"enemies":"2 Louse","floor":5,"turns":2},{"damage":30,"enemies":"Lagavulin","floor":6,"turns":6},{"damage":0,"enemies":"Gremlin Nob","floor":8,"turns":2},{"damage":16,"enemies":"3 Sentries","floor":11,"turns":8},{"damage":10,"enemies":"Red Slaver","floor":12,"turns":3},{"damage":7,"enemies":"Blue Slaver","floor":13,"turns":2},{"damage":14,"enemies":"Lagavulin","floor":14,"turns":4}],"seed_played":"-8587585818990764382","neow_bonus_log":{"cardsObtained":[],"cardsUpgraded":[],"cardsRemoved":[],"cardsTransformed":[],"relicsObtained":[],"maxHpGained":14,"goldGained":0,"damageTaken":0,"goldLost":99,"maxHpLost":0},"potions_obtained":[{"floor":2,"key":"Strength Potion"},{"floor":8,"key":"Strength Potion"},{"floor":11,"key":"PotionOfCapacity"}],"is_trial":false,"path_per_floor":["M","M","?","?","M","E","R","E","T","?","E","M","M","E"],"character_chosen":"DEFECT","items_purchased":[],"campfire_rested":0,"item_purchase_floors":[],"current_hp_per_floor":[77,73,73,85,85,55,55,55,55,44,28,18,11,0],"gold":233,"neow_bonus":"TWENTY_PERCENT_HP_BONUS","is_prod":false,"is_daily":false,"rewards_skipped":[],"chose_seed":false,"campfire_upgraded":1,"win_rate":0,"floor_exit_playtime":[136,220,229,270,299,388,394,435,472,502,631,665,704],"timestamp":1673481525,"path_taken":["M","M","?","?","M","E","R","E","T","?","E","M","M","E"],"build_version":"2022-12-18","purchased_purges":0,"victory":false,"max_hp_per_floor":[85,85,85,85,85,85,85,85,85,85,85,85,85,85],"relic_stats":{"counters":[9,34],"Whetstone":["Strike_B","Strike_B"],"Orichalcum":[36],"Ancient Tea Set":[2],"obtain_stats":[{"Oddly Smooth Stone":11,"Whetstone":9,"Orichalcum":8,"Cracked Core":0,"Ancient Tea Set":6},{"Oddly Smooth Stone":6,"Whetstone":5,"Orichalcum":5,"Cracked Core":0,"Ancient Tea Set":4},{"Oddly Smooth Stone":25,"Whetstone":17,"Orichalcum":17,"Cracked Core":0,"Ancient Tea Set":15}]},"card_choices":[{"not_picked":["Coolheaded","Sweeping Beam"],"picked":"Lockon","floor":1},{"not_picked":["Redo","Conserve Battery"],"picked":"Beam Cell","floor":2},{"not_picked":["Sweeping Beam","Turbo"],"picked":"Ball Lightning","floor":5},{"not_picked":["Melter","Hologram"],"picked":"Undo","floor":6},{"not_picked":["Consume","Turbo"],"picked":"Genetic Algorithm","floor":8},{"not_picked":["Steam","Multi-Cast"],"picked":"Sweeping Beam","floor":11},{"not_picked":["Go for the Eyes","Sweeping Beam"],"picked":"Skim","floor":12},{"not_picked":["Redo","Consume","Barrage"],"picked":"SKIP","floor":13}],"player_experience":4986564,"relics_obtained":[{"floor":6,"key":"Ancient Tea Set"},{"floor":8,"key":"Orichalcum"},{"floor":9,"key":"Whetstone"},{"floor":11,"key":"Oddly Smooth Stone"}],"event_choices":[{"damage_healed":0,"gold_gain":0,"player_choice":"Ignored","damage_taken":0,"max_hp_gain":0,"max_hp_loss":0,"event_name":"Liars Game","floor":3,"gold_loss":0},{"damage_healed":21,"gold_gain":0,"player_choice":"Healed","damage_taken":0,"max_hp_gain":0,"max_hp_loss":0,"event_name":"The Cleric","floor":4,"gold_loss":35},{"damage_healed":0,"gold_gain":75,"player_choice":"Gather Gold","damage_taken":11,"max_hp_gain":0,"max_hp_loss":0,"event_name":"World of Goop","floor":10,"gold_loss":0}],"is_beta":false,"boss_relics":[],"items_purged_floors":[],"is_endless":false,"potions_floor_spawned":[2,8,11],"killed_by":"Lagavulin","ascension_level":20,"potion_discard_per_floor":[[],[],[],[],[],[],[],[],[],[],[],[],[],[]]}