{"neow_bonuses_skipped_log":["TRANSFORM_CARD","RANDOM_COMMON_RELIC","BOSS_RELIC"],"potions_obtained_entropic_brew":[[],[],[],[],[],[],[],[],[],[],[],[],[],[],[],[],[],[],[],[],[],[],[],[],[],[],[],[],[],[],[],[],[],[],[],[],[],[],[],[],[],[],[],[],[],[],[],[],[],[]],"neow_costs_skipped_log":["NONE","NONE","NONE"],"gold_per_floor":[11,29,29,50,50,50,72,72,72,101,145,167,217,217,217,319,319,346,29,52,79,88,88,135,135,135,60,110,119,119,134,134,236,245,270,288,25,41,109,109,109,109,109,141,185,213,262,291,291,291],"floor_reached":50,"playtime":3950,"items_purged":["Writhe","Strike_B"],"score":1300,"play_id":"aa5d9491-959f-4c22-ac7e-f9d222097aa2","local_time":"20230113153035","score_breakdown":["Floors Climbed (50): 250","Enemies Slain (15): 30","Exordium Elites Killed (2): 20","City Elites Killed (2): 40","Beyond Elites Killed (2): 60","Bosses Slain (2): 150","Money Money (1133): 25","Librarian: 25","Champion (2): 50","Overkill: 25","Ascension (20): 625"],"is_ascension_mode":true,"potions_obtained_alchemize":[[],[],[],[],[],[],[],[],[],[],[],[],[],[],[],[],[],[],[],[],[],[],[],[],[],[],[],[],[],[],[],[],[],[],[],[],[],[],[],[],[],[],[],[],[],[],[],[],[],[]],"campfire_choices":[{"data":"Beam Cell","floor":6,"key":"SMITH"},{"data":"Zap","floor":8,"key":"SMITH"},{"data":"Hologram","floor":15,"key":"SMITH"},{"data":"Reboot","floor":23,"key":"SMITH"},{"data":"Coolheaded","floor":25,"key":"SMITH"},{"data":"RitualDagger","floor":30,"key":"SMITH"},{"data":"Heatsinks","floor":32,"key":"SMITH"},{"data":"Reprogram","floor":40,"key":"SMITH"},{"data":"Madness","floor":41,"key":"SMITH"},{"data":"Madness","floor":42,"key":"SMITH"},{"floor":49,"key":"RECALL"}],"lesson_learned_per_floor":[[],[],[],[],[],[],[],[],[],[],[],[],[],[],[],[],[],[],[],[],[],[],[],[],[],[],[],[],[],[],[],[],[],[],[],[],[],[],[],[],[],[],[],[],[],[],[],[],[],[]],"neow_cost":"NO_GOLD","improvable_cards":{"Genetic Algorithm":[39],"RitualDagger+1":[55]},"seed_source_timestamp":8913758691602345932,"shop_contents":[{"floor":19,"relics":["Molten Egg 2","PrismaticShard"],"cards":["Cold Snap","Steam Power","Stack","Hello World","Blind","Master of Strategy"],"potions":["PowerPotion","BlessingOfTheForge","GamblersBrew"]},{"floor":27,"relics":["Oddly Smooth Stone","Toy Ornithopter","DollysMirror"],"cards":["Doom and Gloom","Go for the Eyes","Leap","Redo","Heatsinks","Deep Breath","Secret Technique"],"potions":["PowerPotion","SneckoOil","SpeedPotion"]},{"floor":37,"relics":["Incense Burner","PreservedInsect"],"cards":["Scrape","Doom and Gloom","Conserve Battery","Defragment","Magnetism"],"potions":["Explosive Potion","DistilledChaos","FearPotion"]}],"circlet_count":0,"master_deck":["AscendersBane","Strike_B","Strike_B","Defend_B","Defend_B","Defend_B","Defend_B","Zap+1","Dualcast","Self Repair","Genetic Algorithm","Beam Cell+1","Undo","Streamline","Melter","Gash","Hologram+1","Reboot+1","Coolheaded+1","FTL","Gash","Compile Driver","Biased Cognition","Heatsinks+1","RitualDagger+1","Core Surge","CurseOfTheBell","Turbo","Madness+1","Madness+1","Dark Shackles","Reprogram+1","Cold Snap","Skim","Hologram","Buffer+1","Rebound"],"potion_use_per_floor":[[],[],[],[],[],[],[],[],[],[],["Energy Potion"],[],[],[],[],[],[],[],[],[],[],[],[],["ColorlessPotion"],[],[],[],[],[],[],[],[],["Ancient Potion","FairyPotion"],[],[],[],[],[],["Block Potion"],[],[],[],[],["SneckoOil"],["Weak Potion"],[],["SteroidPotion"],[],[],[]],"relics":["Cracked Core","CeramicFish","Golden Idol","MealTicket","Nunchaku","Lantern","Philosopher\u0027s Stone","Gremlin Horn","Blue Candle","Matryoshka","Cables","Kunai","Calling Bell","Centennial Puzzle","White Beast Statue","Peace Pipe","Membership Card","WingedGreaves","Anchor","Frozen Egg 2","Omamori","Bag of Marbles"],"potions_floor_usage":[11,24,33,39,44,45,47],"damage_taken":[{"damage":0,"enemies":"Cultist","floor":1,"turns":3},{"damage":5,"enemies":"2 Louse","floor":2,"turns":2},{"damage":7,"enemies":"Small Slimes","floor":4,"turns":3},{"damage":9,"enemies":"3 Louse","floor":7,"turns":4},{"damage":2,"enemies":"Looter","floor":10,"turns":4},{"damage":17,"enemies":"Lagavulin","floor":11,"turns":7},{"damage":1,"enemies":"2 Fungi Beasts","floor":12,"turns":3},{"damage":27,"enemies":"Gremlin Nob","floor":13,"turns":4},{"damage":12,"enemies":"The Guardian","floor":16,"turns":12},{"damage":14,"enemies":"2 Thieves","floor":18,"turns":5},{"damage":10,"enemies":"Shell Parasite","floor":20,"turns":3},{"damage":23,"enemies":"Sentry and Sphere","floor":21,"turns":4},{"damage":1,"enemies":"Gremlin Leader","floor":24,"turns":7},{"damage":32,"enemies":"Slavers","floor":28,"turns":4},{"damage":25,"enemies":"Snake Plant","floor":31,"turns":5},{"damage":35,"enemies":"Champ","floor":33,"turns":19},{"damage":1,"enemies":"3 Shapes","floor":35,"turns":7},{"damage":1,"enemies":"Orb Walker","floor":38,"turns":4},{"damage":26,"enemies":"2 Orb Walkers","floor":39,"turns":6},{"damage":13,"enemies":"3 Darklings","floor":44,"turns":4},{"damage":1,"enemies":"Nemesis","floor":45,"turns":11},{"damage":35,"enemies":"Spire Growth","floor":46,"turns":5},{"damage":6,"enemies":"Giant Head","floor":47,"turns":6},{"damage":11,"enemies":"Sphere and 2 Shapes","floor":48,"turns":5},{"damage":21,"enemies":"Awakened One","floor":50,"turns":2}],"green_key_taken_log":47,"seed_played":"-4947293839351398604","neow_bonus_log":{"cardsObtained":[],"cardsUpgraded":[],"cardsRemoved":[],"cardsTransformed":[],"relicsObtained":[],"maxHpGained":14,"goldGained":0,"damageTaken":0,"goldLost":99,"maxHpLost":0},"potions_obtained":[{"floor":1,"key":"Energy Potion"},{"floor":7,"key":"Energy Potion"},{"floor":11,"key":"PotionOfCapacity"},{"floor":12,"key":"FairyPotion"},{"floor":21,"key":"ColorlessPotion"},{"floor":24,"key":"SpeedPotion"},{"floor":31,"key":"Ancient Potion"},{"floor":33,"key":"Block Potion"},{"floor":35,"key":"EssenceOfSteel"},{"floor":38,"key":"Weak Potion"},{"floor":39,"key":"SneckoOil"},{"floor":44,"key":"Strength Potion"},{"floor":45,"key":"SteroidPotion"},{"floor":46,"key":"Fire Potion"},{"floor":47,"key":"PotionOfCapacity"},{"floor":48,"key":"FearPotion"}],"is_trial":false,"path_per_floor":["M","M","T","M","?","R","M","R","T","M","E","M","E","?","R","B",null,"M","$","M","M","?","R","E","R","T","$","E","?","R","M","R","B",null,"M","?","$","M","?","R","R","R","T","M","E","M","E","M","R","B"],"character_chosen":"DEFECT","items_purchased":["Gremlin Horn","FTL","Membership Card","Dark Shackles","Reprogram"],"campfire_rested":0,"item_purchase_floors":[19,19,37,37,37],"current_hp_per_floor":[78,80,80,80,77,77,75,75,75,77,67,73,53,46,46,41,68,61,76,73,57,57,57,63,63,63,77,52,46,46,28,28,30,65,71,57,72,71,52,52,52,52,52,46,52,24,25,21,21,0],"gold":291,"neow_bonus":"TWENTY_PERCENT_HP_BONUS","is_prod":false,"is_daily":false,"rewards_skipped":[{"floor":13,"relics":[],"potions":["Block Potion"]}],"chose_seed":false,"campfire_upgraded":10,"win_rate":0,"floor_exit_playtime":[71,137,139,189,194,214,287,300,305,356,452,569,636,644,649,837,883,964,1023,1118,1214,1221,1232,1433,1439,1453,1491,1608,1610,1616,1712,1720,2158,2216,2491,2511,2595,2677,2865,2881,2895,2918,2922,3123,3295,3421,3663,3787,3800],"timestamp":1673641835,"blue_key_relic_skipped_log":{"floor":26,"relicID":"Tiny Chest"},"path_taken":["M","M","?","M","?","R","M","R","T","M","E","M","E","?","R","BOSS","M","$","M","M","?","R","E","R","T","$","E","?","R","M","R","BOSS","M","?","$","M","?","R","R","R","T","M","E","M","E","M","R","BOSS"],"build_version":"2022-12-18","purchased_purges":2,"victory":false,"max_hp_per_floor":[85,85,85,85,77,77,77,77,77,77,77,77,77,77,77,77,77,77,77,77,77,77,77,77,77,77,77,77,77,77,77,77,77,77,77,77,77,77,77,77,77,77,77,77,77,77,77,77,77,77],"relic_stats":{"Gremlin Horn":[20,20],"counters":[25,139],"Golden Idol":141,"CeramicFish":243,"Blue Candle":[7],"Omamori":0,"White Beast Statue":[0.0024998400000000014,0.0,0.10427520000000007,0.0,0.43920256000000024,0.0,0.38386560000000025,0.0,0.06894720000000004,0.0,0.0012096000000000008,3.583886080000001],"Cables":[67,34,33,0,0],"Peace Pipe":0,"Nunchaku":[29],"Centennial Puzzle":[27],"Matryoshka":2,"MealTicket":44,"WingedGreaves":3,"Kunai":[42],"Membership Card":118,"obtain_stats":[{"Lantern":13,"Gremlin Horn":19,"Golden Idol":5,"CeramicFish":3,"Blue Candle":22,"Omamori":45,"Frozen Egg 2":43,"White Beast Statue":34,"Cables":26,"Calling Bell":34,"Peace Pipe":34,"Nunchaku":11,"Centennial Puzzle":34,"Anchor":43,"Matryoshka":24,"MealTicket":9,"Philosopher\u0027s Stone":17,"WingedGreaves":39,"Bag of Marbles":47,"Kunai":28,"Membership Card":37,"Cracked Core":0},{"Lantern":8,"Gremlin Horn":10,"Golden Idol":3,"CeramicFish":2,"Blue Candle":12,"Omamori":21,"Frozen Egg 2":19,"White Beast Statue":16,"Cables":13,"Calling Bell":16,"Peace Pipe":16,"Nunchaku":6,"Centennial Puzzle":16,"Anchor":19,"Matryoshka":13,"MealTicket":4,"Philosopher\u0027s Stone":9,"WingedGreaves":19,"Bag of Marbles":23,"Kunai":14,"Membership Card":17,"Cracked Core":0},{"Lantern":30,"Gremlin Horn":47,"Golden Idol":8,"CeramicFish":5,"Blue Candle":54,"Omamori":121,"Frozen Egg 2":106,"White Beast Statue":89,"Cables":61,"Calling Bell":89,"Peace Pipe":89,"Nunchaku":23,"Centennial Puzzle":89,"Anchor":106,"Matryoshka":61,"MealTicket":12,"Philosopher\u0027s Stone":42,"WingedGreaves":106,"Bag of Marbles":132,"Kunai":65,"Membership Card":96,"Cracked Core":0}]},"card_choices":[{"not_picked":["Scrape","Compile Driver"],"picked":"Self Repair","floor":1},{"not_picked":["Chill","Coolheaded"],"picked":"Genetic Algorithm","floor":2},{"not_picked":["Leap","Consume"],"picked":"Beam Cell","floor":4},{"not_picked":["Gash","Go for the Eyes"],"picked":"Undo","floor":7},{"not_picked":["Self Repair","Go for the Eyes"],"picked":"Streamline","floor":10},{"not_picked":["Scrape","Darkness"],"picked":"Melter","floor":11},{"not_picked":["Chaos","Compile Driver"],"picked":"Gash","floor":12},{"not_picked":["Thunder Strike","Melter"],"picked":"Hologram","floor":13},{"not_picked":["Biased Cognition","Rainbow"],"picked":"Reboot","floor":16},{"not_picked":["Leap","Redo"],"picked":"Coolheaded","floor":18},{"not_picked":["Go for the Eyes","Chaos"],"picked":"Gash","floor":20},{"not_picked":["Go for the Eyes","Steam"],"picked":"Compile Driver","floor":21},{"not_picked":["Double Energy","Go for the Eyes"],"picked":"Biased Cognition","floor":24},{"not_picked":["Redo","Heatsinks","Gash"],"picked":"SKIP","floor":28},{"not_picked":["Redo","Gash"],"picked":"Heatsinks","floor":28},{"not_picked":["Redo","Go for the Eyes","Force Field"],"picked":"SKIP","floor":31},{"not_picked":["Creative AI","Biased Cognition"],"picked":"Core Surge","floor":33},{"not_picked":["Lockon","Redo"],"picked":"Turbo","floor":35},{"not_picked":["Lockon+1","Steam","Reprogram"],"picked":"SKIP","floor":38},{"not_picked":["Leap","Cold Snap","Gash"],"picked":"SKIP","floor":39},{"not_picked":["Fission","Barrage+1"],"picked":"Cold Snap","floor":44},{"not_picked":["Darkness","Sweeping Beam+1"],"picked":"Skim","floor":45},{"not_picked":["Stack","Scrape"],"picked":"Hologram","floor":46},{"not_picked":["Self Repair+1","Thunder Strike"],"picked":"Buffer+1","floor":47},{"not_picked":["Redo","Blizzard"],"picked":"Rebound","floor":48}],"player_experience":5004823,"relics_obtained":[{"floor":3,"key":"CeramicFish"},{"floor":9,"key":"MealTicket"},{"floor":11,"key":"Nunchaku"},{"floor":13,"key":"Lantern"},{"floor":24,"key":"Matryoshka"},{"floor":26,"key":"Cables"},{"floor":28,"key":"Kunai"},{"floor":34,"key":"Centennial Puzzle"},{"floor":34,"key":"White Beast Statue"},{"floor":34,"key":"Peace Pipe"},{"floor":39,"key":"WingedGreaves"},{"floor":43,"key":"Anchor"},{"floor":43,"key":"Frozen Egg 2"},{"floor":45,"key":"Omamori"},{"floor":47,"key":"Bag of Marbles"}],"event_choices":[{"damage_healed":0,"gold_gain":0,"player_choice":"Lose Max HP","damage_taken":0,"relics_obtained":["Golden Idol"],"max_hp_gain":0,"max_hp_loss":8,"event_name":"Golden Idol","floor":5,"gold_loss":0},{"cards_removed":["Strike_B"],"damage_healed":0,"gold_gain":0,"player_choice":"Card Removal","damage_taken":7,"max_hp_gain":0,"max_hp_loss":0,"event_name":"Golden Wing","floor":14,"gold_loss":0},{"damage_healed":0,"gold_gain":0,"player_choice":"Opened","damage_taken":0,"relics_obtained":["Blue Candle"],"max_hp_gain":0,"max_hp_loss":0,"event_name":"The Mausoleum","floor":22,"gold_loss":0,"cards_obtained":["Writhe"]},{"damage_healed":0,"gold_gain":0,"player_choice":"Joined the Cult","damage_taken":6,"max_hp_gain":0,"max_hp_loss":0,"event_name":"Nest","floor":29,"gold_loss":0,"cards_obtained":["RitualDagger"]},{"damage_healed":0,"gold_gain":0,"player_choice":"Embrace Madness","damage_taken":14,"max_hp_gain":0,"max_hp_loss":0,"event_name":"Winding Halls","floor":36,"gold_loss":0,"cards_obtained":["Madness","Madness"]},{"damage_healed":0,"gold_gain":0,"player_choice":"Fight","damage_taken":0,"max_hp_gain":0,"max_hp_loss":0,"event_name":"Mysterious Sphere","floor":39,"gold_loss":0}],"is_beta":false,"boss_relics":[{"not_picked":["FrozenCore","Runic Dome"],"picked":"Philosopher\u0027s Stone"},{"not_picked":["Snecko Eye","Empty Cage"],"picked":"Calling Bell"}],"items_purged_floors":[27,37],"is_endless":false,"potions_floor_spawned":[1,7,11,12,13,21,24,31,33,35,38,39,44,45,46,47,48],"killed_by":"Awakened One","ascension_level":20,"potion_discard_per_floor":[[],[],[],[],[],[],[],[],[],[],[],["PotionOfCapacity"],[],[],[],[],[],[],[],[],["Energy Potion"],[],[],[],[],[],[],[],[],[],["SpeedPotion"],[],[],[],[],[],[],["EssenceOfSteel"],[],[],[],[],[],[],[],["Strength Potion"],[],["PotionOfCapacity"],[],[]]}