{"neow_bonuses_skipped_log":["ONE_RANDOM_RARE_CARD","THREE_ENEMY_KILL","BOSS_RELIC"],"potions_obtained_entropic_brew":[[],[],[],[],[],[],[],[],[],[],[],[],[],[],[],[],[],[],[],[],[],[],[],[],[],[],[],[],[],[],[],[],[],[],[],[],[],[],[],[],["Fire Potion","SkillPotion","Dexterity Potion","Block Potion"],[],[],[],[],[],[],[],[],[],[],[],[],[],[],[],[]],"neow_costs_skipped_log":["NONE","NONE","NONE"],"gold_per_floor":[110,125,145,145,42,42,74,74,74,90,103,133,145,182,194,278,290,314,341,93,93,103,103,103,129,178,190,290,309,234,262,262,335,335,345,356,374,374,88,88,122,132,132,159,3,31,31,50,50,50,50,50,50,50,76,76],"floor_reached":57,"playtime":4544,"items_purged":["Defend_R","Strike_R","Pain"],"score":2950,"play_id":"47f02244-feea-45da-8519-38f6bb0fcef4","local_time":"20220922203019","score_breakdown":["Floors Climbed (57): 285","Enemies Slain (15): 30","Exordium Elites Killed (3): 30","City Elites Killed (2): 40","Beyond Elites Killed (3): 90","Bosses Slain (5): 750","Stuffed: 50","Champion (2): 50","Overkill: 25","C-c-c-combo: 25","Ascension (20): 1325","Heartbreaker: 250"],"is_ascension_mode":true,"potions_obtained_alchemize":[[],[],[],[],[],[],[],[],[],[],[],[],[],[],[],[],[],[],[],[],[],[],[],[],[],[],[],[],[],[],[],[],[],[],[],[],[],[],[],[],[],[],[],[],[],[],[],[],[],[],[],[],[],[],[],[],[]],"campfire_choices":[{"data":"Armaments","floor":6,"key":"SMITH"},{"data":"Perfected Strike","floor":8,"key":"SMITH"},{"data":"Bash","floor":13,"key":"SMITH"},{"data":"Flame Barrier","floor":15,"key":"SMITH"},{"data":"Uppercut","floor":23,"key":"SMITH"},{"data":"Shockwave","floor":32,"key":"SMITH"},{"floor":40,"key":"RECALL"},{"data":"True Grit","floor":47,"key":"SMITH"},{"data":"Disarm","floor":49,"key":"SMITH"},{"floor":53,"key":"REST"}],"lesson_learned_per_floor":[[],[],[],[],[],[],[],[],[],[],[],[],[],[],[],[],[],[],[],[],[],[],[],[],[],[],[],[],[],[],[],[],[],[],[],[],[],[],[],[],[],[],[],[],[],[],[],[],[],[],[],[],[],[],[],[],[]],"neow_cost":"PERCENT_DAMAGE","improvable_cards":{},"seed_source_timestamp":3705124555295,"shop_contents":[{"floor":5,"relics":["Eternal Feather","Kunai","Strange Spoon"],"cards":["Twin Strike","Clash","Warcry","Combust","Deep Breath","Transmutation"],"potions":["Energy Potion","GamblersBrew","Dexterity Potion"]},{"floor":20,"relics":["Happy Flower","Peace Pipe"],"cards":["Headbutt","Blood for Blood","Rage","True Grit","Dark Embrace","Enlightenment","The Bomb"],"potions":["HeartOfIron","BloodPotion","Strength Potion"]},{"floor":39,"relics":["Thread and Needle","Red Skull"],"cards":["Reckless Charge+1","Uppercut+1","Armaments","Warcry","Metallicize","Good Instincts","Magnetism"],"potions":["GamblersBrew","SteroidPotion","PowerPotion"]},{"floor":45,"relics":["Toy Ornithopter","Bag of Preparation","Sling"],"cards":["Whirlwind+1","Dropkick+1","Metallicize","Trip","Transmutation"],"potions":["Dexterity Potion","Energy Potion","DistilledChaos"]},{"floor":54,"relics":["Pocketwatch","Lantern","Orrery"],"cards":["Thunderclap+1","Reckless Charge+1","Seeing Red","Shrug It Off","Rupture","Forethought","Chrysalis"],"potions":["LiquidMemories","ElixirPotion","CultistPotion"]}],"circlet_count":0,"master_deck":["AscendersBane","Strike_R","Strike_R","Defend_R","Bash+1","Perfected Strike+1","Shrug It Off+1","Flame Barrier+1","Armaments+1","Feed+1","Feed","Dark Embrace","Seeing Red","Corruption","Twin Strike","Power Through","Uppercut+1","Shockwave+1","Battle Trance+1","Pommel Strike+1","Offering","Pommel Strike+1","Disarm+1","Twin Strike+1","Pommel Strike+1","Flame Barrier","Sentinel","Spot Weakness","True Grit+1","Offering","Feel No Pain+1"],"potion_use_per_floor":[[],[],[],[],[],[],[],[],[],[],[],[],[],["Energy Potion"],[],[],[],[],[],[],[],[],[],[],[],[],[],[],[],[],[],[],[],[],[],[],[],[],[],[],["BloodPotion","EntropicBrew","EntropicBrew"],[],[],[],[],[],[],[],[],[],["Dexterity Potion"],[],[],[],[],["Block Potion"],[]],"relics":["Burning Blood","StrikeDummy","Paper Frog","MawBank","Gremlin Horn","Snecko Eye","Toolbox","HornCleat","War Paint","Champion Belt","InkBottle","Molten Egg 2","SacredBark","WarpedTongs","Frozen Eye","Meat on the Bone","Orichalcum","Letter Opener","Whetstone"],"potions_floor_usage":[14,41,41,41,51,56],"damage_taken":[{"damage":7,"enemies":"Cultist","floor":1,"turns":4},{"damage":0,"enemies":"Small Slimes","floor":2,"turns":5},{"damage":3,"enemies":"2 Louse","floor":3,"turns":3},{"damage":25,"enemies":"3 Sentries","floor":7,"turns":8},{"damage":2,"enemies":"Large Slime","floor":10,"turns":6},{"damage":1,"enemies":"3 Louse","floor":11,"turns":4},{"damage":8,"enemies":"Gremlin Nob","floor":12,"turns":3},{"damage":12,"enemies":"Lagavulin","floor":14,"turns":6},{"damage":29,"enemies":"Slime Boss","floor":16,"turns":9},{"damage":0,"enemies":"Spheric Guardian","floor":18,"turns":2},{"damage":0,"enemies":"Chosen","floor":19,"turns":3},{"damage":0,"enemies":"Centurion and Healer","floor":22,"turns":4},{"damage":0,"enemies":"Gremlin Leader","floor":25,"turns":4},{"damage":0,"enemies":"Cultist and Chosen","floor":27,"turns":4},{"damage":0,"enemies":"Colosseum Slavers","floor":28,"turns":4},{"damage":0,"enemies":"Colosseum Nobs","floor":28,"turns":4},{"damage":0,"enemies":"Chosen and Byrds","floor":29,"turns":4},{"damage":11,"enemies":"Slavers","floor":31,"turns":3},{"damage":23,"enemies":"Champ","floor":33,"turns":8},{"damage":6,"enemies":"3 Shapes","floor":35,"turns":4},{"damage":7,"enemies":"Orb Walker","floor":36,"turns":3},{"damage":11,"enemies":"3 Darklings","floor":37,"turns":4},{"damage":6,"enemies":"Giant Head","floor":41,"turns":5},{"damage":12,"enemies":"Sphere and 2 Shapes","floor":42,"turns":2},{"damage":12,"enemies":"Reptomancer","floor":44,"turns":4},{"damage":31,"enemies":"Nemesis","floor":46,"turns":5},{"damage":6,"enemies":"4 Shapes","floor":48,"turns":4},{"damage":27,"enemies":"Awakened One","floor":50,"turns":6},{"damage":28,"enemies":"Donu and Deca","floor":51,"turns":6},{"damage":12,"enemies":"Shield and Spear","floor":55,"turns":4},{"damage":20,"enemies":"The Heart","floor":56,"turns":8}],"green_key_taken_log":31,"seed_played":"-1340207862638898885","neow_bonus_log":{"cardsObtained":[],"cardsUpgraded":[],"cardsRemoved":["Strike_R","Defend_R"],"cardsTransformed":[],"relicsObtained":[],"maxHpGained":0,"goldGained":0,"damageTaken":18,"goldLost":0,"maxHpLost":0},"potions_obtained":[{"floor":3,"key":"Energy Potion"},{"floor":7,"key":"SkillPotion"},{"floor":22,"key":"EntropicBrew"},{"floor":31,"key":"SteroidPotion"},{"floor":35,"key":"BloodPotion"},{"floor":41,"key":"EntropicBrew"}],"is_trial":false,"path_per_floor":["M","M","M","?","$","R","E","R","T","M","M","E","R","E","R","B",null,"M","M","$","?","M","R","?","E","T","M","?","M","?","E","R","B",null,"M","M","M","?","$","R","E","M","T","E","$","E","R","M","R","B","B",null,"R","$","E","B",null],"character_chosen":"IRONCLAD","items_purchased":["Armaments","Toolbox","Frozen Eye","Sentinel","Spot Weakness"],"campfire_rested":1,"item_purchase_floors":[5,20,39,45,45],"current_hp_per_floor":[49,55,58,58,58,58,39,39,39,47,56,54,54,52,52,36,80,90,100,100,100,109,109,76,86,86,99,125,138,138,140,140,127,150,158,161,160,160,160,160,177,179,179,177,177,156,156,163,163,149,134,194,214,214,215,201],"gold":76,"neow_bonus":"REMOVE_TWO","is_prod":false,"is_daily":false,"rewards_skipped":[{"floor":11,"relics":[],"potions":["Strength Potion"]},{"floor":12,"relics":[],"potions":["ColorlessPotion"]},{"floor":25,"relics":[],"potions":["ColorlessPotion"]},{"floor":27,"relics":[],"potions":["ColorlessPotion"]},{"floor":29,"relics":[],"potions":["Strength Potion"]},{"floor":33,"relics":[],"potions":["Fire Potion"]},{"floor":48,"relics":[],"potions":["Fire Potion"]}],"chose_seed":false,"campfire_upgraded":8,"win_rate":0,"floor_exit_playtime":[88,122,161,175,205,211,384,392,401,455,567,611,618,700,713,897,958,997,1065,1153,1214,1295,1310,1315,1430,1469,1590,1770,1876,1888,1971,1979,2142,2204,2310,2384,2543,2569,2602,2606,2947,3050,3065,3228,3258,3401,3408,3533,3540,3739,3939,3951,3985,3992,4317,4544],"timestamp":1663893019,"blue_key_relic_skipped_log":{"floor":43,"relicID":"Question Card"},"path_taken":["M","M","M","?","$","R","E","R","T","M","M","E","R","E","R","BOSS","M","M","$","?","M","R","?","E","T","M","?","M","?","E","R","BOSS","M","M","M","?","$","R","E","?","T","E","$","E","R","M","R","BOSS","BOSS","R","$","E","BOSS"],"build_version":"2022-03-07","purchased_purges":3,"victory":true,"max_hp_per_floor":[75,75,75,75,75,75,75,75,75,79,83,83,83,87,87,94,94,98,102,102,102,109,109,114,118,118,125,139,146,146,153,153,157,157,165,169,173,173,173,173,177,185,185,189,189,193,193,200,200,207,214,214,214,214,221,221],"relic_stats":{"Gremlin Horn":[26,31],"counters":[31,143],"Letter Opener":[115],"Whetstone":["Pommel Strike","Feed"],"War Paint":["Battle Trance","Shrug It Off"],"Orichalcum":[48],"MawBank":96,"Burning Blood":182,"WarpedTongs":[34],"Frozen Eye":150.26782,"Snecko Eye":[197,184,195,183,-122],"Champion Belt":[68],"obtain_stats":[{"Gremlin Horn":14,"SacredBark":34,"Letter Opener":46,"Whetstone":55,"War Paint":26,"Orichalcum":44,"MawBank":12,"Burning Blood":0,"WarpedTongs":38,"Frozen Eye":39,"HornCleat":25,"Snecko Eye":17,"Toolbox":20,"Molten Egg 2":31,"Champion Belt":28,"StrikeDummy":7,"InkBottle":28,"Paper Frog":9,"Meat on the Bone":41},{"Gremlin Horn":8,"SacredBark":19,"Letter Opener":26,"Whetstone":30,"War Paint":13,"Orichalcum":25,"MawBank":7,"Burning Blood":0,"WarpedTongs":22,"Frozen Eye":22,"HornCleat":13,"Snecko Eye":9,"Toolbox":11,"Molten Egg 2":18,"Champion Belt":16,"StrikeDummy":4,"InkBottle":16,"Paper Frog":4,"Meat on the Bone":23},{"Gremlin Horn":39,"SacredBark":88,"Letter Opener":115,"Whetstone":135,"War Paint":61,"Orichalcum":110,"MawBank":33,"Burning Blood":0,"WarpedTongs":99,"Frozen Eye":99,"HornCleat":61,"Snecko Eye":48,"Toolbox":53,"Molten Egg 2":80,"Champion Belt":73,"StrikeDummy":20,"InkBottle":73,"Paper Frog":20,"Meat on the Bone":104}],"InkBottle":[36],"Meat on the Bone":0},"card_choices":[{"not_picked":["Heavy Blade","Warcry"],"picked":"Perfected Strike","floor":1},{"not_picked":["Warcry","Flex"],"picked":"Shrug It Off","floor":2},{"not_picked":["Body Slam","Cleave"],"picked":"Flame Barrier","floor":3},{"not_picked":["Exhume","Wild Strike"],"picked":"Feed","floor":7},{"not_picked":["Thunderclap","Cleave","Fire Breathing"],"picked":"SKIP","floor":10},{"not_picked":["Fire Breathing","True Grit"],"picked":"Feed","floor":11},{"not_picked":["Havoc","True Grit"],"picked":"Dark Embrace","floor":12},{"not_picked":["Rampage","Reckless Charge"],"picked":"Seeing Red","floor":14},{"not_picked":["Demon Form","Exhume"],"picked":"Corruption","floor":16},{"not_picked":["Sever Soul","Body Slam"],"picked":"Twin Strike","floor":18},{"not_picked":["Sever Soul","Wild Strike"],"picked":"Power Through","floor":19},{"not_picked":["Blood for Blood","Reckless Charge","Armaments","Anger","Pommel Strike","Flame Barrier","Flex","Ghostly Armor","Fire Breathing","Shrug It Off","Sever Soul","Perfected Strike","Hemokinesis","Havoc","Cleave","True Grit","Intimidate","Thunderclap","Sword Boomerang"],"picked":"Uppercut","floor":21},{"not_picked":["Clothesline","Uppercut+1"],"picked":"Shockwave","floor":22},{"not_picked":["Sword Boomerang+1","Hemokinesis"],"picked":"Battle Trance","floor":25},{"not_picked":["Corruption","Rampage"],"picked":"Pommel Strike","floor":27},{"not_picked":["Uppercut+1","Cleave","Combust"],"picked":"SKIP","floor":28},{"not_picked":["Ghostly Armor","Clothesline","Dropkick"],"picked":"SKIP","floor":29},{"not_picked":["Body Slam+1","Headbutt+1","Clash+1"],"picked":"SKIP","floor":31},{"not_picked":["Corruption","Feed+1"],"picked":"Offering","floor":33},{"not_picked":["Clash+1","Heavy Blade+1"],"picked":"Pommel Strike+1","floor":35},{"not_picked":["Shockwave+1","Headbutt+1"],"picked":"Disarm","floor":36},{"not_picked":["Body Slam+1","Flex+1"],"picked":"Twin Strike+1","floor":37},{"not_picked":["Havoc","Uppercut+1"],"picked":"Pommel Strike+1","floor":41},{"not_picked":["Pummel+1","Hemokinesis+1","Rampage+1"],"picked":"SKIP","floor":42},{"not_picked":["Clash+1","Bloodletting"],"picked":"Flame Barrier","floor":44},{"not_picked":["Rupture","Combust"],"picked":"True Grit","floor":46},{"not_picked":["Armaments","Cleave+1"],"picked":"Offering","floor":48},{"not_picked":["Rage+1","True Grit"],"picked":"Feel No Pain+1","floor":55}],"player_experience":3985477,"relics_obtained":[{"floor":7,"key":"StrikeDummy"},{"floor":9,"key":"Paper Frog"},{"floor":12,"key":"MawBank"},{"floor":14,"key":"Gremlin Horn"},{"floor":25,"key":"HornCleat"},{"floor":26,"key":"War Paint"},{"floor":28,"key":"Champion Belt"},{"floor":28,"key":"InkBottle"},{"floor":31,"key":"Molten Egg 2"},{"floor":41,"key":"Meat on the Bone"},{"floor":44,"key":"Orichalcum"},{"floor":46,"key":"Letter Opener"},{"floor":55,"key":"Whetstone"}],"event_choices":[{"cards_removed":["Defend_R"],"damage_healed":0,"gold_gain":0,"player_choice":"Offered Basic","damage_taken":0,"max_hp_gain":0,"max_hp_loss":0,"event_name":"Bonfire Elementals","floor":4,"gold_loss":0},{"damage_healed":0,"gold_gain":0,"player_choice":"Read","damage_taken":0,"max_hp_gain":0,"max_hp_loss":0,"event_name":"The Library","floor":21,"gold_loss":0,"cards_obtained":["Uppercut"]},{"damage_healed":0,"gold_gain":0,"player_choice":"Shed Blood","damage_taken":38,"max_hp_gain":5,"max_hp_loss":0,"event_name":"Forgotten Altar","floor":24,"gold_loss":0},{"damage_healed":0,"gold_gain":0,"player_choice":"Fight","damage_taken":0,"max_hp_gain":0,"max_hp_loss":0,"event_name":"Colosseum","floor":28,"gold_loss":0},{"damage_healed":0,"gold_gain":0,"player_choice":"Fought Nobs","damage_taken":0,"max_hp_gain":0,"max_hp_loss":0,"event_name":"Colosseum","floor":28,"gold_loss":0},{"cards_removed":["Strike_R"],"damage_healed":0,"gold_gain":0,"player_choice":"Gave Gold","damage_taken":0,"max_hp_gain":0,"max_hp_loss":0,"event_name":"Beggar","floor":30,"gold_loss":75},{"damage_healed":0,"gold_gain":0,"player_choice":"Rummage","damage_taken":0,"relics_obtained":["WarpedTongs"],"max_hp_gain":0,"max_hp_loss":0,"event_name":"Accursed Blacksmith","floor":38,"gold_loss":0,"cards_obtained":["Pain"]}],"is_beta":false,"boss_relics":[{"not_picked":["Ectoplasm","Astrolabe"],"picked":"Snecko Eye"},{"not_picked":["Tiny House","Calling Bell"],"picked":"SacredBark"}],"items_purged_floors":[5,20,39],"is_endless":false,"potions_floor_spawned":[3,7,11,12,22,25,27,29,31,33,35,41,48],"ascension_level":20,"potion_discard_per_floor":[[],[],[],[],[],[],[],[],[],[],[],[],[],[],[],[],[],[],[],[],[],[],[],[],[],[],[],[],[],[],["SkillPotion"],[],[],[],["SteroidPotion"],[],[],[],[],[],["SkillPotion","Fire Potion"],[],[],[],[],[],[],[],[],[],[],[],[],[],[],[],[]]}