{"neow_bonuses_skipped_log":["THREE_CARDS","HUNDRED_GOLD","BOSS_RELIC"],"potions_obtained_entropic_brew":[[],[],[],[],[],[],[],[],[],[],[],[],[],[],[],[],[],[],[],[],[],[],[],[],[],[],[],[],[],[],[],[],[],[],[],[],[],[],[],[],[],[],[],[],[],[],[],[],[],[],[],[],[],[],[],[],[]],"neow_costs_skipped_log":["NONE","NONE","NONE"],"gold_per_floor":[18,37,51,71,71,71,101,26,26,53,128,128,192,211,211,285,285,296,376,396,396,416,416,451,471,471,471,207,207,232,247,247,321,321,331,331,377,397,417,417,448,448,473,503,515,557,569,607,619,631,643,655,667,5,37,37],"floor_reached":57,"playtime":8216,"items_purged":["Strike_R","Strike_R","Twin Strike"],"score":2851,"play_id":"e70114b9-4c9d-4c42-9010-5db801c20ba6","local_time":"20221108213103","score_breakdown":["Floors Climbed (57): 285","Enemies Slain (14): 28","Exordium Elites Killed (2): 20","City Elites Killed (2): 40","Beyond Elites Killed (3): 90","Bosses Slain (5): 750","Money Money (1050): 25","Stuffed: 50","Champion (1): 25","Overkill: 25","Ascension (20): 1263","Heartbreaker: 250"],"is_ascension_mode":true,"potions_obtained_alchemize":[[],[],[],[],[],[],[],[],[],[],[],[],[],[],[],[],[],[],[],[],[],[],[],[],[],[],[],[],[],[],[],[],[],[],[],[],[],[],[],[],[],[],[],[],[],[],[],[],[],[],[],[],[],[],[],[],[]],"campfire_choices":[{"data":"Bash","floor":6,"key":"SMITH"},{"floor":15,"key":"REST"},{"data":"Berserk","floor":23,"key":"SMITH"},{"data":"Battle Trance","floor":27,"key":"SMITH"},{"data":"Feed","floor":29,"key":"SMITH"},{"data":"Feel No Pain","floor":32,"key":"SMITH"},{"floor":40,"key":"RECALL"},{"floor":42,"key":"REST"},{"floor":45,"key":"REST"},{"floor":47,"key":"REST"},{"floor":49,"key":"REST"},{"floor":53,"key":"REST"}],"lesson_learned_per_floor":[[],[],[],[],[],[],[],[],[],[],[],[],[],[],[],[],[],[],[],[],[],[],[],[],[],[],[],[],[],[],[],[],[],[],[],[],[],[],[],[],[],[],[],[],[],[],[],[],[],[],[],[],[],[],[],[],[]],"neow_cost":"NO_GOLD","improvable_cards":{},"seed_source_timestamp":11099535952920,"shop_contents":[{"floor":8,"relics":["Omamori","Du-Vu Doll","Toolbox"],"cards":["Iron Wave","Clothesline","Infernal Blade","Power Through","Combust","Purity","Panache"],"potions":["Weak Potion","BlessingOfTheForge","Regen Potion"]},{"floor":28,"relics":["Bottled Flame","Singing Bowl","Cauldron"],"cards":["Anger","Headbutt","Power Through","Rage","Jack Of All Trades","Magnetism"],"potions":["ElixirPotion","Block Potion"]},{"floor":54,"relics":["Mango","Medical Kit"],"cards":["Searing Blow","Bludgeon","Havoc","Rage","Evolve","Swift Strike"],"potions":["Dexterity Potion","BloodPotion"]}],"circlet_count":0,"master_deck":["AscendersBane","Defend_R","Defend_R","Defend_R","Defend_R","Bash+1","Second Wind","Double Tap+1","Pummel","Cleave","Shrug It Off","Power Through+1","Feed+1","Berserk+1","Pommel Strike","Dark Embrace+1","Reaper","True Grit+1","Blood for Blood+1","Battle Trance+1","Feel No Pain+1","Pommel Strike+1","Dark Embrace","Bloodletting","Body Slam","True Grit+1","Apotheosis"],"potion_use_per_floor":[[],[],[],[],[],[],[],[],[],["Weak Potion"],[],[],[],["ElixirPotion"],[],[],[],[],[],[],[],[],[],["Energy Potion","ElixirPotion"],[],[],[],[],[],["LiquidMemories"],[],[],[],[],[],[],[],[],[],[],[],[],[],[],[],["Explosive Potion"],[],[],[],[],[],[],[],[],[],["ElixirPotion"],[]],"relics":["Burning Blood","Pantograph","Tiny Chest","InkBottle","Runic Pyramid","Kunai","Anchor","Strawberry","Dream Catcher","Fusion Hammer","Pen Nib","Lizard Tail","MawBank","War Paint","Blue Candle","Bottled Lightning","Bag of Preparation"],"potions_floor_usage":[10,14,24,24,30,46,56],"damage_taken":[{"damage":7,"enemies":"Cultist","floor":1,"turns":4},{"damage":4,"enemies":"Small Slimes","floor":2,"turns":4},{"damage":4,"enemies":"Jaw Worm","floor":3,"turns":6},{"damage":10,"enemies":"3 Louse","floor":4,"turns":4},{"damage":20,"enemies":"3 Sentries","floor":7,"turns":6},{"damage":21,"enemies":"Gremlin Nob","floor":10,"turns":5},{"damage":34,"enemies":"3 Sentries","floor":13,"turns":9},{"damage":11,"enemies":"Exordium Thugs","floor":14,"turns":7},{"damage":55,"enemies":"The Guardian","floor":16,"turns":20},{"damage":3,"enemies":"Spheric Guardian","floor":18,"turns":12},{"damage":0,"enemies":"Chosen","floor":20,"turns":10},{"damage":13,"enemies":"Centurion and Healer","floor":22,"turns":9},{"damage":16,"enemies":"Book of Stabbing","floor":24,"turns":7},{"damage":18,"enemies":"Snake Plant","floor":25,"turns":5},{"damage":47,"enemies":"Slavers","floor":30,"turns":10},{"damage":25,"enemies":"Shelled Parasite and Fungi","floor":31,"turns":7},{"damage":20,"enemies":"Collector","floor":33,"turns":11},{"damage":26,"enemies":"3 Darklings","floor":35,"turns":8},{"damage":3,"enemies":"3 Shapes","floor":38,"turns":5},{"damage":9,"enemies":"Sphere and 2 Shapes","floor":39,"turns":13},{"damage":9,"enemies":"Giant Head","floor":41,"turns":7},{"damage":16,"enemies":"Writhing Mass","floor":44,"turns":16},{"damage":11,"enemies":"Reptomancer","floor":46,"turns":6},{"damage":9,"enemies":"Giant Head","floor":48,"turns":7},{"damage":12,"enemies":"Awakened One","floor":50,"turns":12},{"damage":23,"enemies":"Time Eater","floor":51,"turns":9},{"damage":20,"enemies":"Shield and Spear","floor":55,"turns":5},{"damage":46,"enemies":"The Heart","floor":56,"turns":6}],"green_key_taken_log":41,"seed_played":"-3767039697427097222","neow_bonus_log":{"cardsObtained":["Second Wind","Double Tap"],"cardsUpgraded":[],"cardsRemoved":[],"cardsTransformed":["Strike_R","Strike_R"],"relicsObtained":[],"maxHpGained":0,"goldGained":0,"damageTaken":0,"goldLost":99,"maxHpLost":0},"potions_obtained":[{"floor":1,"key":"Weak Potion"},{"floor":2,"key":"ElixirPotion"},{"floor":16,"key":"Energy Potion"},{"floor":20,"key":"ElixirPotion"},{"floor":24,"key":"Regen Potion"},{"floor":33,"key":"ElixirPotion"},{"floor":38,"key":"Energy Potion"},{"floor":39,"key":"Explosive Potion"}],"is_trial":false,"path_per_floor":["M","M","M","M","?","R","E","$","T","E","?","?","?","M","R","B",null,"M","T","M","?","M","R","E","M","T","R","$","R","E","M","R","B",null,"M","?","T","M","M","R","E","R","T","M","R","E","R","E","R","B","B",null,"R","$","E","B",null],"character_chosen":"IRONCLAD","items_purchased":["Feel No Pain","LiquidMemories","Swift Potion","Apotheosis","Bottled Lightning"],"campfire_rested":6,"item_purchase_floors":[28,28,54,54,54],"current_hp_per_floor":[67,69,71,67,75,75,61,61,61,46,35,35,10,8,32,8,63,73,73,87,87,90,90,87,82,89,89,89,89,55,56,56,86,108,116,116,116,123,127,127,131,131,131,125,135,139,139,143,143,147,134,144,147,147,151,111],"gold":37,"neow_bonus":"TRANSFORM_TWO_CARDS","is_prod":false,"is_daily":false,"rewards_skipped":[{"floor":55,"relics":[],"potions":["Explosive Potion"]}],"chose_seed":false,"campfire_upgraded":5,"win_rate":0,"floor_exit_playtime":[232,285,369,428,441,475,547,585,597,680,683,705,894,1295,1299,1668,1778,2022,2047,2315,2322,2674,2702,3148,3252,3261,3304,3400,3415,3848,4287,4293,4825,4950,5215,5219,5223,5419,5789,5795,6017,6064,6068,6529,6575,6906,6914,7074,7094,7431,7707,7721,7729,7805,7999,8216],"timestamp":1667961063,"blue_key_relic_skipped_log":{"floor":9,"relicID":"Darkstone Periapt"},"path_taken":["M","M","M","M","?","R","E","?","T","E","?","?","?","M","R","BOSS","M","?","M","?","?","R","E","M","T","R","$","R","E","M","R","BOSS","M","?","?","M","M","R","E","R","T","M","R","E","R","E","R","BOSS","BOSS","R","$","E","BOSS"],"build_version":"2022-10-04","purchased_purges":3,"victory":true,"max_hp_per_floor":[75,75,75,75,75,75,75,75,75,75,75,75,78,81,81,81,81,84,84,87,87,90,90,93,96,103,103,103,103,107,111,111,115,115,119,119,119,123,127,127,131,131,131,135,135,139,139,143,143,147,147,147,147,147,151,151],"relic_stats":{"counters":[28,230],"Blue Candle":[1],"Pen Nib":[16],"Bag of Preparation":[2],"War Paint":["Double Tap","Power Through"],"MawBank":132,"Burning Blood":138,"Dream Catcher":5,"Lizard Tail":0,"Pantograph":50,"Tiny Chest":2,"Kunai":[43],"Bottled Lightning":"Apotheosis","obtain_stats":[{"Blue Candle":48,"Pen Nib":37,"Bag of Preparation":55,"War Paint":46,"MawBank":43,"Burning Blood":0,"Anchor":24,"Dream Catcher":30,"Lizard Tail":41,"Pantograph":7,"Strawberry":26,"Tiny Chest":10,"Fusion Hammer":34,"Kunai":19,"Bottled Lightning":54,"InkBottle":13,"Runic Pyramid":17},{"Blue Candle":24,"Pen Nib":18,"Bag of Preparation":27,"War Paint":23,"MawBank":21,"Burning Blood":0,"Anchor":13,"Dream Catcher":15,"Lizard Tail":21,"Pantograph":5,"Strawberry":14,"Tiny Chest":6,"Fusion Hammer":17,"Kunai":10,"Bottled Lightning":26,"InkBottle":6,"Runic Pyramid":9},{"Blue Candle":198,"Pen Nib":144,"Bag of Preparation":224,"War Paint":191,"MawBank":169,"Burning Blood":0,"Anchor":103,"Dream Catcher":118,"Lizard Tail":169,"Pantograph":24,"Strawberry":108,"Tiny Chest":29,"Fusion Hammer":136,"Kunai":77,"Bottled Lightning":219,"InkBottle":29,"Runic Pyramid":65}],"InkBottle":[64]},"card_choices":[{"not_picked":["Sword Boomerang","Rupture"],"picked":"Pummel","floor":1},{"not_picked":["Pummel","Flex"],"picked":"Cleave","floor":2},{"not_picked":["Iron Wave","Headbutt"],"picked":"Shrug It Off","floor":3},{"not_picked":["Armaments","Shrug It Off"],"picked":"Twin Strike","floor":4},{"not_picked":["Clash","Shrug It Off"],"picked":"Power Through","floor":7},{"not_picked":["Armaments","Clash"],"picked":"Feed","floor":10},{"not_picked":["True Grit","Havoc"],"picked":"Pommel Strike","floor":13},{"not_picked":["Perfected Strike","Pommel Strike"],"picked":"Dark Embrace","floor":14},{"not_picked":["Demon Form","Limit Break"],"picked":"Reaper","floor":16},{"not_picked":["Sever Soul","Flame Barrier"],"picked":"True Grit+1","floor":18},{"not_picked":["Warcry","Metallicize"],"picked":"Blood for Blood+1","floor":20},{"not_picked":["Clash","Flame Barrier","Havoc+1"],"picked":"SKIP","floor":22},{"not_picked":["Pommel Strike","Shrug It Off","Bludgeon"],"picked":"SKIP","floor":24},{"not_picked":["Iron Wave","Rupture"],"picked":"Battle Trance","floor":25},{"not_picked":["Shrug It Off","Thunderclap","Evolve"],"picked":"SKIP","floor":30},{"not_picked":["Wild Strike","Combust","Armaments"],"picked":"SKIP","floor":31},{"not_picked":["True Grit","Thunderclap"],"picked":"Pommel Strike+1","floor":35},{"not_picked":["Havoc+1","Uppercut"],"picked":"Dark Embrace","floor":38},{"not_picked":["Hemokinesis","Perfected Strike"],"picked":"Bloodletting","floor":39},{"not_picked":["True Grit","Clothesline","Armaments+1"],"picked":"SKIP","floor":41},{"not_picked":["Second Wind","Armaments"],"picked":"Body Slam","floor":42},{"not_picked":["Dropkick","Clothesline","Entrench"],"picked":"SKIP","floor":44},{"not_picked":["Dropkick","Clothesline","Entrench"],"picked":"SKIP","floor":44},{"not_picked":["Dropkick","Clothesline","Entrench"],"picked":"SKIP","floor":44},{"not_picked":["Immolate","Wild Strike","Reckless Charge"],"picked":"SKIP","floor":46},{"not_picked":["Rampage","Double Tap","Wild Strike"],"picked":"SKIP","floor":48},{"not_picked":["Clothesline","Warcry"],"picked":"True Grit+1","floor":53},{"not_picked":["Havoc","Brutality","Cleave+1"],"picked":"SKIP","floor":55}],"player_experience":4386121,"relics_obtained":[{"floor":7,"key":"Pantograph"},{"floor":10,"key":"Tiny Chest"},{"floor":19,"key":"Kunai"},{"floor":24,"key":"Anchor"},{"floor":26,"key":"Strawberry"},{"floor":30,"key":"Dream Catcher"},{"floor":37,"key":"Pen Nib"},{"floor":41,"key":"Lizard Tail"},{"floor":43,"key":"MawBank"},{"floor":46,"key":"War Paint"},{"floor":48,"key":"Blue Candle"},{"floor":55,"key":"Bag of Preparation"}],"event_choices":[{"damage_healed":8,"gold_gain":0,"player_choice":"Full Heal","damage_taken":0,"max_hp_gain":0,"max_hp_loss":0,"event_name":"Wheel of Change","floor":5,"gold_loss":0},{"damage_healed":0,"gold_gain":75,"player_choice":"Gather Gold","damage_taken":11,"max_hp_gain":0,"max_hp_loss":0,"event_name":"World of Goop","floor":11,"gold_loss":0},{"damage_healed":0,"gold_gain":0,"cards_transformed":["Strike_R"],"player_choice":"Change","damage_taken":0,"max_hp_gain":0,"max_hp_loss":0,"event_name":"Living Wall","floor":12,"gold_loss":0,"cards_obtained":["Berserk"]},{"damage_healed":0,"gold_gain":0,"player_choice":"Searched \u00272\u0027 times","damage_taken":0,"relics_obtained":["InkBottle"],"max_hp_gain":0,"max_hp_loss":0,"event_name":"Dead Adventurer","floor":13,"gold_loss":0},{"damage_healed":0,"gold_gain":0,"player_choice":"Upgraded","damage_taken":0,"max_hp_gain":0,"max_hp_loss":0,"event_name":"Upgrade Shrine","floor":21,"gold_loss":0,"cards_upgraded":["Dark Embrace"]},{"damage_healed":0,"gold_gain":0,"player_choice":"Ignored","damage_taken":0,"max_hp_gain":0,"max_hp_loss":0,"event_name":"Tomb of Lord Red Mask","floor":36,"gold_loss":0}],"is_beta":false,"boss_relics":[{"not_picked":["Pandora\u0027s Box","Philosopher\u0027s Stone"],"picked":"Runic Pyramid"},{"not_picked":["Black Star","Sozu"],"picked":"Fusion Hammer"}],"items_purged_floors":[8,28,54],"is_endless":false,"potions_floor_spawned":[1,2,16,20,24,33,38,39,55],"ascension_level":20,"potion_discard_per_floor":[[],[],[],[],[],[],[],[],[],[],[],[],[],[],[],[],[],[],[],[],[],[],[],[],[],[],[],[],[],[],[],[],[],[],[],[],[],["Regen Potion"],["Energy Potion"],[],[],[],[],[],[],[],[],[],[],[],[],[],[],[],[],[],[]]}