{"neow_bonuses_skipped_log":["THREE_ENEMY_KILL","REMOVE_TWO","BOSS_RELIC"],"neow_costs_skipped_log":["NONE","NO_GOLD","NONE"],"potions_obtained_entropic_brew":[[],[],[],[],[],[],[],[],[],[],[],[],[],[],[],[],[],[],[],[],[],[],[],[],[],[],[],[],[],[],[],[],[],[],[],[],[],[],[],[],[],[],[],[],[],[],[],[],[],[],[],[],[],[],[],[],[]],"gold_per_floor":[111,261,275,294,40,40,71,346,346,346,364,364,439,457,457,535,535,555,572,27,27,27,62,62,75,99,126,138,138,169,186,186,263,263,274,183,199,217,234,264,281,308,308,308,324,338,366,384,384,384,384,384,384,37,72,72],"floor_reached":57,"playtime":10803,"items_purged":["Doubt","Regret","Shame"],"score":2897,"play_id":"fb042244-8ef3-46b6-8d00-d9b7fa6a3365","local_time":"20221028224050","score_breakdown":["Floors Climbed (57): 285","Enemies Slain (18): 36","Exordium Elites Killed (1): 10","City Elites Killed (2): 40","Beyond Elites Killed (3): 90","Bosses Slain (5): 750","Money Money (1250): 25","Collector (1): 25","Librarian: 25","Stuffed: 50","Champion (2): 50","Ascension (20): 1261","Heartbreaker: 250"],"is_ascension_mode":true,"potions_obtained_alchemize":[[],[],[],[],[],[],[],[],[],[],[],[],[],[],[],[],[],[],[],[],[],[],[],[],[],[],[],[],[],[],[],[],[],[],[],[],[],[],[],[],[],[],[],[],[],[],[],[],[],[],[],[],[],[],[],[],[]],"campfire_choices":[{"data":"Perfected Strike","floor":6,"key":"SMITH"},{"data":"Perfected Strike","floor":10,"key":"SMITH"},{"data":"Armaments","floor":15,"key":"SMITH"},{"data":"Feed","floor":24,"key":"SMITH"},{"data":"Double Tap","floor":29,"key":"SMITH"},{"data":"Bash","floor":32,"key":"SMITH"},{"floor":44,"key":"RECALL"},{"data":"Demon Form","floor":49,"key":"SMITH"},{"floor":53,"key":"REST"}],"lesson_learned_per_floor":[[],[],[],[],[],[],[],[],[],[],[],[],[],[],[],[],[],[],[],[],[],[],[],[],[],[],[],[],[],[],[],[],[],[],[],[],[],[],[],[],[],[],[],[],[],[],[],[],[],[],[],[],[],[],[],[],[]],"neow_cost":"NONE","improvable_cards":{},"seed_source_timestamp":285948636019,"shop_contents":[{"floor":5,"relics":["Sundial","InkBottle"],"cards":["Twin Strike","True Grit","Bloodletting","Feel No Pain","Good Instincts","Transmutation"],"potions":["Weak Potion","LiquidBronze"]},{"floor":20,"relics":["Girya","Prayer Wheel","Pantograph"],"cards":["Sword Boomerang+1","Hemokinesis+1","Infernal Blade","True Grit","Metallicize","Deep Breath","Secret Weapon"],"potions":["SteroidPotion","DistilledChaos","Weak Potion"]},{"floor":36,"relics":["Red Skull","Ornamental Fan","Strange Spoon"],"cards":["Dropkick+1","Feed+1","Shrug It Off","Armaments","Barricade","Blind","Thinking Ahead"],"potions":["AttackPotion","Weak Potion","Energy Potion"]},{"floor":54,"relics":["Blood Vial","White Beast Statue","Bottled Flame"],"cards":["Iron Wave+1","Rampage+1","Dual Wield","Warcry","Fire Breathing","Swift Strike+1","Magnetism"],"potions":["DistilledChaos","Regen Potion","Explosive Potion"]}],"circlet_count":0,"master_deck":["AscendersBane","Bash+1","Feed+1","Disarm","Perfected Strike+1","Pommel Strike","Perfected Strike+1","Armaments+1","Clothesline+1","Impervious","Pommel Strike+1","Whirlwind+1","Double Tap+1","Second Wind","Disarm","Dual Wield","Feel No Pain","Exhume","Barricade","Iron Wave+1","Anger+1","Immolate+1","Demon Form+1","Headbutt+1","Sever Soul+1","Flame Barrier","Shrug It Off","Rupture","Uppercut+1","Flame Barrier","Shrug It Off","Perfected Strike+1","Pommel Strike+1","Pommel Strike+1","True Grit+1","Exhume","Limit Break","Power Through","Power Through"],"potion_use_per_floor":[[],[],[],[],[],[],["Fire Potion"],[],[],[],["Strength Potion"],[],[],[],[],["PowerPotion","PowerPotion"],[],["AttackPotion"],[],[],[],[],[],[],[],[],[],[],[],[],["SneckoOil"],[],["PowerPotion"],[],[],[],[],["AttackPotion"],[],[],[],["GamblersBrew"],[],[],[],[],["Regen Potion"],[],[],[],[],[],[],[],[],["Strength Potion","BloodPotion"],[]],"relics":["Burning Blood","Membership Card","The Courier","Bronze Scales","Molten Egg 2","Snecko Eye","Chemical X","Bag of Preparation","Akabeko","Gambling Chip","Smiling Mask","Mercury Hourglass","Oddly Smooth Stone","StrikeDummy","Pandora\u0027s Box","Kunai","Self Forming Clay","Paper Frog","TungstenRod","Vajra","HandDrill","Happy Flower","Eternal Feather"],"potions_floor_usage":[7,11,16,16,18,31,33,38,42,47,56,56],"damage_taken":[{"damage":4,"enemies":"2 Louse","floor":1,"turns":5},{"damage":10,"enemies":"Small Slimes","floor":3,"turns":5},{"damage":1,"enemies":"Cultist","floor":4,"turns":3},{"damage":20,"enemies":"3 Sentries","floor":7,"turns":6},{"damage":15,"enemies":"Exordium Wildlife","floor":11,"turns":2},{"damage":11,"enemies":"Looter","floor":14,"turns":2},{"damage":25,"enemies":"Hexaghost","floor":16,"turns":7},{"damage":9,"enemies":"3 Byrds","floor":18,"turns":4},{"damage":1,"enemies":"2 Thieves","floor":19,"turns":2},{"damage":0,"enemies":"Gremlin Leader","floor":23,"turns":3},{"damage":6,"enemies":"Shelled Parasite and Fungi","floor":25,"turns":2},{"damage":10,"enemies":"Sentry and Sphere","floor":28,"turns":8},{"damage":7,"enemies":"Slavers","floor":30,"turns":3},{"damage":0,"enemies":"Snecko","floor":31,"turns":2},{"damage":97,"enemies":"Champ","floor":33,"turns":7},{"damage":0,"enemies":"3 Shapes","floor":35,"turns":7},{"damage":0,"enemies":"Orb Walker","floor":37,"turns":4},{"damage":8,"enemies":"Transient","floor":38,"turns":6},{"damage":0,"enemies":"Maw","floor":39,"turns":9},{"damage":18,"enemies":"Nemesis","floor":40,"turns":5},{"damage":0,"enemies":"Writhing Mass","floor":41,"turns":7},{"damage":0,"enemies":"Reptomancer","floor":42,"turns":2},{"damage":0,"enemies":"Jaw Worm Horde","floor":45,"turns":2},{"damage":0,"enemies":"3 Darklings","floor":46,"turns":5},{"damage":35,"enemies":"Nemesis","floor":47,"turns":7},{"damage":4,"enemies":"Sphere and 2 Shapes","floor":48,"turns":8},{"damage":18,"enemies":"Awakened One","floor":50,"turns":14},{"damage":49,"enemies":"Donu and Deca","floor":51,"turns":17},{"damage":10,"enemies":"Shield and Spear","floor":55,"turns":5},{"damage":97,"enemies":"The Heart","floor":56,"turns":10}],"green_key_taken_log":30,"seed_played":"7819311572869585744","neow_bonus_log":{"cardsObtained":["Feed"],"cardsUpgraded":[],"cardsRemoved":[],"cardsTransformed":[],"relicsObtained":[],"maxHpGained":0,"goldGained":0,"damageTaken":0,"goldLost":0,"maxHpLost":0},"potions_obtained":[{"floor":4,"key":"Strength Potion"},{"floor":7,"key":"PowerPotion"},{"floor":11,"key":"PowerPotion"},{"floor":16,"key":"AttackPotion"},{"floor":19,"key":"SneckoOil"},{"floor":35,"key":"AttackPotion"},{"floor":38,"key":"GamblersBrew"},{"floor":39,"key":"Fire Potion"},{"floor":42,"key":"Strength Potion"},{"floor":46,"key":"Regen Potion"},{"floor":48,"key":"Block Potion"}],"is_trial":false,"path_per_floor":["M","?","M","M","$","R","E","?","T","R","M","T","?","M","R","B",null,"M","M","$","?","?","E","R","M","T","T","M","R","E","M","R","B",null,"M","$","M","M","M","E","M","E","T","R","M","M","E","M","R","B","B",null,"R","$","E","B",null],"character_chosen":"IRONCLAD","items_purchased":["Membership Card","Pommel Strike","Fire Potion","Chemical X","Bag of Preparation","Akabeko","Gambling Chip","Whirlwind+1","Double Tap","Second Wind","Disarm","PowerPotion","Flame Barrier","Shrug It Off","Vajra","Exhume","Limit Break","Power Through","BloodPotion","HandDrill","Happy Flower"],"campfire_rested":1,"item_purchase_floors":[5,5,5,20,20,20,20,20,20,20,20,20,36,36,54,54,54,54,54,54,54],"current_hp_per_floor":[73,73,72,80,80,80,69,69,69,69,63,63,52,47,47,31,78,78,86,86,86,86,95,95,99,99,99,95,95,98,108,108,17,90,100,100,110,108,114,102,112,122,122,122,132,138,124,138,138,130,91,141,158,158,154,94],"gold":72,"neow_bonus":"ONE_RANDOM_RARE_CARD","is_prod":false,"is_daily":false,"rewards_skipped":[{"floor":25,"relics":[],"potions":["Block Potion"]},{"floor":30,"relics":[],"potions":["SkillPotion"]}],"chose_seed":false,"campfire_upgraded":7,"win_rate":0,"floor_exit_playtime":[224,255,321,387,455,463,681,832,837,843,1045,1058,1069,1216,1242,1703,1792,2153,2248,2441,2466,2547,2630,2679,2942,2965,2973,3183,3191,3337,3448,3477,3869,4149,4399,4551,4680,4972,5371,5839,6209,6657,6676,6693,6983,7437,7770,7988,8069,8780,9528,9546,9591,9849,10208,10803],"timestamp":1667011250,"blue_key_relic_skipped_log":{"floor":26,"relicID":"CeramicFish"},"path_taken":["M","?","M","M","$","R","E","?","T","R","?","?","?","M","R","BOSS","M","M","$","?","?","E","R","M","T","?","M","R","E","M","R","BOSS","M","$","M","M","M","E","M","E","T","R","M","M","E","M","R","BOSS","BOSS","R","$","E","BOSS"],"build_version":"2022-10-04","purchased_purges":3,"victory":true,"max_hp_per_floor":[78,78,81,84,84,84,87,87,87,87,90,90,90,90,90,93,93,96,99,99,99,99,102,102,106,106,106,106,106,110,114,114,114,114,118,118,122,122,122,122,126,130,130,130,134,138,138,150,150,154,158,158,158,158,158,158],"relic_stats":{"Happy Flower":[5],"counters":[30,166],"Self Forming Clay":[120],"Eternal Feather":0,"The Courier":1525,"Bag of Preparation":[42],"Smiling Mask":13,"Burning Blood":176,"Mercury Hourglass":[413],"Bronze Scales":[553],"Gambling Chip":[133],"Snecko Eye":[275,270,255,314,-215],"Pandora\u0027s Box":["Iron Wave","Anger","Immolate","Demon Form","Headbutt","Sever Soul","Flame Barrier","Shrug It Off","Rupture"],"HandDrill":[0],"Membership Card":1525,"Chemical X":[28],"Kunai":[18],"obtain_stats":[{"Happy Flower":54,"Self Forming Clay":42,"Oddly Smooth Stone":27,"Vajra":54,"Eternal Feather":55,"The Courier":7,"Bag of Preparation":20,"Smiling Mask":21,"Burning Blood":0,"Akabeko":20,"Mercury Hourglass":23,"Bronze Scales":9,"Gambling Chip":20,"Snecko Eye":17,"Molten Egg 2":12,"Pandora\u0027s Box":34,"HandDrill":54,"Membership Card":5,"Chemical X":20,"Kunai":40,"StrikeDummy":30,"TungstenRod":47,"Paper Frog":43},{"Happy Flower":28,"Self Forming Clay":22,"Oddly Smooth Stone":11,"Vajra":28,"Eternal Feather":29,"The Courier":4,"Bag of Preparation":9,"Smiling Mask":9,"Burning Blood":0,"Akabeko":9,"Mercury Hourglass":10,"Bronze Scales":4,"Gambling Chip":9,"Snecko Eye":7,"Molten Egg 2":5,"Pandora\u0027s Box":15,"HandDrill":28,"Membership Card":3,"Chemical X":9,"Kunai":20,"StrikeDummy":13,"TungstenRod":25,"Paper Frog":22},{"Happy Flower":152,"Self Forming Clay":100,"Oddly Smooth Stone":41,"Vajra":152,"Eternal Feather":156,"The Courier":19,"Bag of Preparation":36,"Smiling Mask":36,"Burning Blood":0,"Akabeko":36,"Mercury Hourglass":39,"Bronze Scales":19,"Gambling Chip":36,"Snecko Eye":30,"Molten Egg 2":21,"Pandora\u0027s Box":61,"HandDrill":152,"Membership Card":13,"Chemical X":36,"Kunai":91,"StrikeDummy":52,"TungstenRod":113,"Paper Frog":100}],"TungstenRod":41},"card_choices":[{"not_picked":["Perfected Strike","Heavy Blade"],"picked":"Disarm","floor":1},{"not_picked":["Havoc","True Grit"],"picked":"Perfected Strike","floor":3},{"not_picked":["Warcry","Juggernaut","Sentinel"],"picked":"SKIP","floor":4},{"not_picked":["Body Slam","Combust"],"picked":"Perfected Strike","floor":7},{"not_picked":["True Grit","Infernal Blade"],"picked":"Armaments","floor":11},{"not_picked":["True Grit","Heavy Blade+1"],"picked":"Clothesline+1","floor":14},{"not_picked":["Barricade","Limit Break"],"picked":"Impervious","floor":16},{"not_picked":["Sentinel","Ghostly Armor"],"picked":"Pommel Strike+1","floor":18},{"not_picked":["Havoc","Whirlwind+1","Body Slam+1"],"picked":"SKIP","floor":19},{"not_picked":["Heavy Blade+1","Warcry","Clothesline+1","Anger+1","Pommel Strike+1","Dropkick+1","Cleave+1","Bloodletting","Carnage+1","Body Slam+1","Thunderclap+1","Sword Boomerang+1","Flex","Armaments","Clash+1","Twin Strike+1","Whirlwind+1","Rupture","Seeing Red"],"picked":"Dual Wield","floor":22},{"not_picked":["Sever Soul+1","Headbutt+1"],"picked":"Feel No Pain","floor":23},{"not_picked":["Wild Strike+1","Heavy Blade+1","Reckless Charge+1"],"picked":"SKIP","floor":25},{"not_picked":["Armaments","Rupture","Warcry"],"picked":"SKIP","floor":28},{"not_picked":["Armaments","Rupture","Warcry"],"picked":"SKIP","floor":28},{"not_picked":["Cleave+1","Seeing Red","True Grit"],"picked":"SKIP","floor":30},{"not_picked":["Clothesline+1","Ghostly Armor"],"picked":"Exhume","floor":31},{"not_picked":["Berserk","Reaper+1"],"picked":"Barricade","floor":33},{"not_picked":["Combust","Thunderclap+1"],"picked":"Uppercut+1","floor":35},{"not_picked":["Battle Trance","Iron Wave+1"],"picked":"Perfected Strike+1","floor":37},{"not_picked":["True Grit","Dropkick+1"],"picked":"Pommel Strike+1","floor":38},{"not_picked":["Rampage+1","Body Slam+1"],"picked":"Pommel Strike+1","floor":39},{"not_picked":["Body Slam+1","Berserk","Twin Strike+1"],"picked":"SKIP","floor":40},{"not_picked":["Body Slam+1","Berserk","Twin Strike+1"],"picked":"SKIP","floor":40},{"not_picked":["Flex","Anger+1","Clothesline+1"],"picked":"SKIP","floor":41},{"not_picked":["Flex","Anger+1","Clothesline+1"],"picked":"SKIP","floor":41},{"not_picked":["Cleave+1","Clothesline+1","Twin Strike+1"],"picked":"SKIP","floor":42},{"not_picked":["Cleave+1","Clothesline+1","Twin Strike+1"],"picked":"SKIP","floor":42},{"not_picked":["Sever Soul+1","Reckless Charge+1","Perfected Strike+1"],"picked":"SKIP","floor":45},{"not_picked":["Clothesline+1","Infernal Blade","Clash+1"],"picked":"SKIP","floor":46},{"not_picked":["Clash+1","Pommel Strike+1"],"picked":"True Grit+1","floor":47},{"not_picked":["Iron Wave+1","Flex","Cleave+1"],"picked":"SKIP","floor":48},{"not_picked":["Armaments","Havoc+1"],"picked":"Power Through","floor":55}],"player_experience":4267526,"relics_obtained":[{"floor":7,"key":"The Courier"},{"floor":9,"key":"Bronze Scales"},{"floor":12,"key":"Molten Egg 2"},{"floor":23,"key":"Mercury Hourglass"},{"floor":27,"key":"Oddly Smooth Stone"},{"floor":30,"key":"StrikeDummy"},{"floor":40,"key":"Kunai"},{"floor":42,"key":"Self Forming Clay"},{"floor":43,"key":"Paper Frog"},{"floor":47,"key":"TungstenRod"},{"floor":55,"key":"Eternal Feather"}],"event_choices":[{"damage_healed":0,"gold_gain":150,"player_choice":"AGREE","damage_taken":0,"max_hp_gain":0,"max_hp_loss":0,"event_name":"Liars Game","floor":2,"gold_loss":0,"cards_obtained":["Doubt"]},{"damage_healed":0,"gold_gain":275,"player_choice":"Desecrate","damage_taken":0,"max_hp_gain":0,"max_hp_loss":0,"event_name":"Golden Shrine","floor":8,"gold_loss":0,"cards_obtained":["Regret"]},{"damage_healed":0,"gold_gain":75,"player_choice":"Gather Gold","damage_taken":11,"max_hp_gain":0,"max_hp_loss":0,"event_name":"World of Goop","floor":13,"gold_loss":0},{"damage_healed":0,"gold_gain":0,"player_choice":"Stole Relic","damage_taken":0,"relics_obtained":["Smiling Mask"],"max_hp_gain":0,"max_hp_loss":0,"event_name":"Addict","floor":21,"gold_loss":0,"cards_obtained":["Shame"]},{"damage_healed":0,"gold_gain":0,"player_choice":"Read","damage_taken":0,"max_hp_gain":0,"max_hp_loss":0,"event_name":"The Library","floor":22,"gold_loss":0,"cards_obtained":["Dual Wield"]}],"is_beta":false,"boss_relics":[{"not_picked":["Astrolabe","Coffee Dripper"],"picked":"Snecko Eye"},{"not_picked":["Black Blood","Runic Pyramid"],"picked":"Pandora\u0027s Box"}],"items_purged_floors":[5,20,36],"is_endless":false,"potions_floor_spawned":[4,7,11,16,19,25,30,35,38,39,42,46,48],"ascension_level":20,"potion_discard_per_floor":[[],[],[],[],[],[],[],[],[],[],[],[],[],[],[],[],[],[],[],[],[],[],[],[],[],[],[],[],[],[],[],[],[],[],[],[],[],[],[],[],[],[],[],[],[],["Fire Potion"],[],[],[],[],[],[],[],["Block Potion"],[],[],[]]}