{"neow_bonuses_skipped_log":["REMOVE_CARD","THREE_RARE_CARDS","BOSS_RELIC"],"potions_obtained_entropic_brew":[[],[],[],[],[],[],[],[],[],[],[],[],[],[],[],[],[],[],[],[],[],[],[],[],[],[],[],[],[],[],[],[],[],[],[],[],[],[],[],[],[],[],[],[],[],[],[],[],[],[],[],[],[],[],[],[],[]],"neow_costs_skipped_log":["NONE","PERCENT_DAMAGE","NONE"],"gold_per_floor":[216,235,235,235,7,40,40,54,106,132,144,144,160,195,195,271,271,283,301,301,100,111,138,138,149,228,228,255,271,303,130,130,209,209,220,231,243,131,150,185,185,213,240,285,311,311,311,321,321,321,321,321,321,58,85,85],"floor_reached":57,"playtime":10849,"items_purged":["Strike_R"],"score":2840,"play_id":"b9e26cc2-f2c9-4473-b391-c7dd4d5bc104","local_time":"20221102210026","falling_options_log":["Warcry","Feel No Pain+1"],"score_breakdown":["Floors Climbed (57): 285","Enemies Slain (15): 30","Exordium Elites Killed (3): 30","City Elites Killed (3): 60","Beyond Elites Killed (3): 90","Bosses Slain (5): 750","Overkill: 25","C-c-c-combo: 25","Ascension (20): 1295","Heartbreaker: 250"],"is_ascension_mode":true,"potions_obtained_alchemize":[[],[],[],[],[],[],[],[],[],[],[],[],[],[],[],[],[],[],[],[],[],[],[],[],[],[],[],[],[],[],[],[],[],[],[],[],[],[],[],[],[],[],[],[],[],[],[],[],[],[],[],[],[],[],[],[],[]],"campfire_choices":[{"floor":7,"key":"REST"},{"data":"Bloodletting","floor":12,"key":"SMITH"},{"data":"Heavy Blade","floor":15,"key":"SMITH"},{"data":"Battle Trance","floor":24,"key":"SMITH"},{"floor":27,"key":"REST"},{"floor":32,"key":"REST"},{"data":"True Grit","floor":41,"key":"SMITH"},{"floor":47,"key":"RECALL"},{"data":"Uppercut","floor":49,"key":"SMITH"},{"data":"Warcry","floor":53,"key":"SMITH"}],"lesson_learned_per_floor":[[],[],[],[],[],[],[],[],[],[],[],[],[],[],[],[],[],[],[],[],[],[],[],[],[],[],[],[],[],[],[],[],[],[],[],[],[],[],[],[],[],[],[],[],[],[],[],[],[],[],[],[],[],[],[],[],[]],"neow_cost":"NONE","improvable_cards":{},"seed_source_timestamp":2275688994952,"shop_contents":[{"floor":5,"relics":["Centennial Puzzle","Molten Egg 2"],"cards":["Dropkick","Immolate","Shrug It Off","Armaments","Dark Embrace","Discovery","Metamorphosis"],"potions":["SteroidPotion","LiquidBronze"]},{"floor":21,"relics":["Sundial","War Paint","Chemical X"],"cards":["Body Slam","Twin Strike","Intimidate","Rage","Enlightenment","Magnetism+1"],"potions":["GamblersBrew","PowerPotion"]},{"floor":31,"relics":["Ice Cream","Tiny Chest","Bottled Flame"],"cards":["Clash","Wild Strike","True Grit","Havoc","Fire Breathing+1","Impatience","Mayhem+1"],"potions":["Strength Potion","FearPotion","DuplicationPotion"]},{"floor":38,"relics":["Paper Frog","Prayer Wheel","Cauldron"],"cards":["Searing Blow","Iron Wave","Havoc","Havoc","Combust+1","Impatience","Violence"],"potions":["PowerPotion","Dexterity Potion","LiquidBronze"]},{"floor":54,"relics":["Champion Belt","Bottled Tornado","Toolbox"],"cards":["Dropkick","Thunderclap","Armaments","Rage","Barricade+1","Trip","Apotheosis"],"potions":["Block Potion","Regen Potion","Explosive Potion"]}],"circlet_count":0,"master_deck":["AscendersBane","Defend_R","Defend_R","Defend_R","Defend_R","Bash+1","Hemokinesis+1","Battle Trance","Power Through","Cleave+1","Bloodletting+1","Power Through","Heavy Blade+1","Corruption+1","Anger+1","Impervious+1","Headbutt","Dark Embrace+1","Battle Trance+1","Flame Barrier","Uppercut+1","Warcry+1","Barricade+1","Pommel Strike","Feel No Pain+1","Reaper","True Grit+1","Bloodletting+1","Sever Soul","Exhume","Battle Trance","Feel No Pain+1","Entrench"],"potion_use_per_floor":[[],[],[],[],[],["ColorlessPotion"],[],[],[],["AttackPotion"],[],[],[],[],[],[],[],[],["GamblersBrew"],[],["Fruit Juice"],[],["AttackPotion"],[],[],[],[],[],[],[],[],[],[],[],[],[],[],[],[],[],[],[],[],[],[],[],[],[],[],[],[],[],[],[],[],["LiquidMemories","GamblersBrew"],[]],"relics":["Burning Blood","Brimstone","Strawberry","Omamori","Self Forming Clay","Frozen Egg 2","Astrolabe","Whetstone","InkBottle","TungstenRod","The Courier","Frozen Eye","Runic Pyramid","Happy Flower","HornCleat","StoneCalendar","Gremlin Horn","Torii","Mummified Hand"],"potions_floor_usage":[6,10,19,21,23,56,56],"damage_taken":[{"damage":22,"enemies":"Small Slimes","floor":1,"turns":5},{"damage":4,"enemies":"Jaw Worm","floor":2,"turns":3},{"damage":17,"enemies":"3 Sentries","floor":6,"turns":5},{"damage":2,"enemies":"Cultist","floor":8,"turns":2},{"damage":12,"enemies":"Gremlin Nob","floor":10,"turns":3},{"damage":12,"enemies":"Red Slaver","floor":11,"turns":3},{"damage":0,"enemies":"2 Fungi Beasts","floor":13,"turns":3},{"damage":9,"enemies":"3 Sentries","floor":14,"turns":4},{"damage":36,"enemies":"The Guardian","floor":16,"turns":7},{"damage":2,"enemies":"Chosen","floor":18,"turns":3},{"damage":3,"enemies":"3 Byrds","floor":19,"turns":4},{"damage":17,"enemies":"Shelled Parasite and Fungi","floor":22,"turns":3},{"damage":16,"enemies":"Gremlin Leader","floor":23,"turns":4},{"damage":27,"enemies":"Sentry and Sphere","floor":25,"turns":4},{"damage":13,"enemies":"Book of Stabbing","floor":28,"turns":5},{"damage":6,"enemies":"3 Cultists","floor":29,"turns":4},{"damage":21,"enemies":"Slavers","floor":30,"turns":4},{"damage":18,"enemies":"Automaton","floor":33,"turns":6},{"damage":3,"enemies":"Orb Walker","floor":35,"turns":4},{"damage":2,"enemies":"3 Darklings","floor":36,"turns":6},{"damage":3,"enemies":"Transient","floor":37,"turns":6},{"damage":37,"enemies":"Writhing Mass","floor":39,"turns":8},{"damage":14,"enemies":"Reptomancer","floor":40,"turns":5},{"damage":11,"enemies":"Giant Head","floor":42,"turns":7},{"damage":32,"enemies":"2 Orb Walkers","floor":44,"turns":7},{"damage":69,"enemies":"Reptomancer","floor":45,"turns":7},{"damage":23,"enemies":"Jaw Worm Horde","floor":48,"turns":7},{"damage":30,"enemies":"Time Eater","floor":50,"turns":10},{"damage":32,"enemies":"Awakened One","floor":51,"turns":6},{"damage":30,"enemies":"Shield and Spear","floor":55,"turns":6},{"damage":16,"enemies":"The Heart","floor":56,"turns":8}],"green_key_taken_log":10,"seed_played":"7774847925322427517","neow_bonus_log":{"cardsObtained":[],"cardsUpgraded":[],"cardsRemoved":[],"cardsTransformed":[],"relicsObtained":[],"maxHpGained":0,"goldGained":100,"damageTaken":0,"goldLost":0,"maxHpLost":0},"potions_obtained":[{"floor":1,"key":"ColorlessPotion"},{"floor":11,"key":"BlessingOfTheForge"},{"floor":14,"key":"Swift Potion"},{"floor":16,"key":"GamblersBrew"},{"floor":18,"key":"AttackPotion"},{"floor":19,"key":"Fruit Juice"},{"floor":28,"key":"EssenceOfSteel"},{"floor":33,"key":"SneckoOil"},{"floor":35,"key":"SteroidPotion"},{"floor":42,"key":"AttackPotion"},{"floor":44,"key":"GamblersBrew"}],"is_trial":false,"path_per_floor":["M","M","?","?","$","E","R","M","T","E","M","R","M","E","R","B",null,"M","M","?","$","M","E","R","M","T","R","E","M","E","$","R","B",null,"M","M","M","$","M","E","R","E","T","?","E","?","R","M","R","B","B",null,"R","$","E","B",null],"character_chosen":"IRONCLAD","items_purchased":["Brimstone","AttackPotion","Dark Embrace+1","LiquidMemories","Frozen Eye","Warcry","Reaper","True Grit","Torii"],"campfire_rested":3,"item_purchase_floors":[5,5,21,21,31,31,38,38,54],"current_hp_per_floor":[52,54,36,36,36,32,56,60,60,54,48,48,54,51,51,21,67,71,74,74,79,68,58,58,37,37,63,56,56,41,41,67,55,79,82,86,87,87,86,87,87,87,87,87,44,44,44,66,66,75,84,86,86,86,87,77],"gold":85,"neow_bonus":"HUNDRED_GOLD","is_prod":false,"is_daily":false,"rewards_skipped":[{"floor":40,"relics":[],"potions":["SteroidPotion"]}],"chose_seed":false,"campfire_upgraded":6,"win_rate":0,"floor_exit_playtime":[288,374,424,444,487,574,584,654,659,770,914,922,978,1077,1083,1439,1513,1609,1844,1859,1982,2075,2282,2293,2368,2383,2387,2559,2737,2866,3017,3022,3522,3641,3961,4192,4372,4487,4845,5344,5351,5816,5820,6231,7097,7118,7130,7735,7758,8256,8583,8594,8627,8896,9348,10849],"timestamp":1667437226,"blue_key_relic_skipped_log":{"floor":43,"relicID":"Ancient Tea Set"},"path_taken":["M","M","?","?","$","E","R","M","T","E","M","R","M","E","R","BOSS","M","M","?","$","?","E","R","M","T","R","E","M","E","?","R","BOSS","M","M","M","$","M","E","R","E","T","?","E","?","R","M","R","BOSS","BOSS","R","$","E","BOSS"],"build_version":"2022-10-04","purchased_purges":1,"victory":true,"max_hp_per_floor":[75,75,75,75,75,82,82,82,82,82,82,82,82,82,82,82,82,82,82,82,87,87,87,87,87,87,87,87,87,87,87,87,87,87,87,87,87,87,87,87,87,87,87,87,87,87,87,87,87,87,87,87,87,87,87,87],"relic_stats":{"Happy Flower":[19],"Gremlin Horn":[4,4],"Torii":30,"counters":[31,159],"Self Forming Clay":[321],"Astrolabe":["Anger","Iron Wave","Impervious"],"StoneCalendar":[94],"The Courier":138,"Omamori":1,"Whetstone":["Cleave","Bash"],"Burning Blood":167,"Frozen Eye":1342.9056,"Mummified Hand":[6],"obtain_stats":[{"Happy Flower":40,"Gremlin Horn":45,"Torii":54,"Self Forming Clay":10,"Astrolabe":17,"StoneCalendar":44,"The Courier":30,"Omamori":9,"Whetstone":23,"Frozen Egg 2":14,"Burning Blood":0,"Frozen Eye":31,"HornCleat":42,"Brimstone":5,"Mummified Hand":55,"Strawberry":6,"InkBottle":26,"TungstenRod":28,"Runic Pyramid":34},{"Happy Flower":23,"Gremlin Horn":26,"Torii":29,"Self Forming Clay":5,"Astrolabe":9,"StoneCalendar":25,"The Courier":17,"Omamori":4,"Whetstone":13,"Frozen Egg 2":8,"Burning Blood":0,"Frozen Eye":17,"HornCleat":24,"Brimstone":2,"Mummified Hand":30,"Strawberry":3,"InkBottle":14,"TungstenRod":15,"Runic Pyramid":18},{"Happy Flower":101,"Gremlin Horn":122,"Torii":145,"Self Forming Clay":18,"Astrolabe":35,"StoneCalendar":115,"The Courier":66,"Omamori":15,"Whetstone":49,"Frozen Egg 2":28,"Burning Blood":0,"Frozen Eye":66,"HornCleat":108,"Brimstone":8,"Mummified Hand":151,"Strawberry":13,"InkBottle":53,"TungstenRod":58,"Runic Pyramid":72}],"InkBottle":[41],"TungstenRod":90},"card_choices":[{"not_picked":["Disarm","Cleave"],"picked":"Hemokinesis","floor":1},{"not_picked":["Heavy Blade","Dark Embrace","Perfected Strike"],"picked":"SKIP","floor":2},{"not_picked":["Dark Embrace","Heavy Blade"],"picked":"Battle Trance","floor":6},{"not_picked":["Shrug It Off","Body Slam"],"picked":"Power Through","floor":8},{"not_picked":["Anger","Battle Trance"],"picked":"Cleave","floor":10},{"not_picked":["Headbutt","Heavy Blade"],"picked":"Bloodletting","floor":11},{"not_picked":["Flex","Warcry"],"picked":"Power Through","floor":13},{"not_picked":["Exhume","Cleave"],"picked":"Heavy Blade","floor":14},{"not_picked":["Brutality+1","Juggernaut+1"],"picked":"Corruption+1","floor":16},{"not_picked":["Anger","Heavy Blade","Thunderclap"],"picked":"SKIP","floor":18},{"not_picked":["Anger","Clash"],"picked":"Headbutt","floor":19},{"not_picked":["Warcry","Flex","Body Slam"],"picked":"SKIP","floor":22},{"not_picked":["Seeing Red","Reckless Charge+1"],"picked":"Battle Trance","floor":23},{"not_picked":["Infernal Blade","Thunderclap"],"picked":"Flame Barrier","floor":25},{"not_picked":["Blood for Blood","True Grit"],"picked":"Uppercut","floor":28},{"not_picked":["Armaments","Headbutt","Iron Wave"],"picked":"SKIP","floor":29},{"not_picked":["Searing Blow","Armaments","Rampage"],"picked":"SKIP","floor":30},{"not_picked":["Juggernaut+1","Feed"],"picked":"Barricade+1","floor":33},{"not_picked":["Wild Strike","Perfected Strike+1"],"picked":"Pommel Strike","floor":35},{"not_picked":["Havoc","Intimidate"],"picked":"Feel No Pain+1","floor":36},{"not_picked":["Ghostly Armor","Clash"],"picked":"Bloodletting+1","floor":39},{"not_picked":["Immolate","Flex"],"picked":"Sever Soul","floor":40},{"not_picked":["Pommel Strike","Wild Strike"],"picked":"Exhume","floor":42},{"not_picked":["Wild Strike","Reckless Charge+1"],"picked":"Battle Trance","floor":44},{"not_picked":["Thunderclap+1","Dropkick"],"picked":"Feel No Pain+1","floor":45},{"not_picked":["Anger","Pommel Strike","Flex"],"picked":"SKIP","floor":48},{"not_picked":["Headbutt","Cleave+1"],"picked":"Entrench","floor":55}],"player_experience":4333275,"relics_obtained":[{"floor":6,"key":"Strawberry"},{"floor":9,"key":"Omamori"},{"floor":10,"key":"Self Forming Clay"},{"floor":14,"key":"Frozen Egg 2"},{"floor":23,"key":"Whetstone"},{"floor":26,"key":"InkBottle"},{"floor":28,"key":"TungstenRod"},{"floor":30,"key":"The Courier"},{"floor":40,"key":"Happy Flower"},{"floor":42,"key":"HornCleat"},{"floor":44,"key":"StoneCalendar"},{"floor":45,"key":"Gremlin Horn"},{"floor":55,"key":"Mummified Hand"}],"event_choices":[{"damage_healed":0,"gold_gain":0,"player_choice":"Fled","damage_taken":18,"max_hp_gain":0,"max_hp_loss":0,"event_name":"Scrap Ooze","floor":3,"gold_loss":0},{"damage_healed":0,"gold_gain":0,"player_choice":"Grow","damage_taken":0,"max_hp_gain":0,"max_hp_loss":0,"event_name":"Living Wall","floor":4,"gold_loss":0,"cards_upgraded":["Hemokinesis"]},{"cards_removed":["Strike_R"],"damage_healed":0,"gold_gain":0,"player_choice":"Purged","damage_taken":0,"max_hp_gain":0,"max_hp_loss":0,"event_name":"Purifier","floor":20,"gold_loss":0},{"damage_healed":0,"gold_gain":0,"player_choice":"Fight","damage_taken":0,"max_hp_gain":0,"max_hp_loss":0,"event_name":"Mysterious Sphere","floor":44,"gold_loss":0},{"cards_removed":["Iron Wave"],"damage_healed":0,"gold_gain":0,"player_choice":"Removed Attack","damage_taken":0,"max_hp_gain":0,"max_hp_loss":0,"event_name":"Falling","floor":46,"gold_loss":0}],"is_beta":false,"boss_relics":[{"not_picked":["Ectoplasm","Empty Cage"],"picked":"Astrolabe"},{"not_picked":["Velvet Choker","Sozu"],"picked":"Runic Pyramid"}],"items_purged_floors":[21],"is_endless":false,"potions_floor_spawned":[1,11,14,16,18,19,28,33,35,40,42,44],"ascension_level":20,"potion_discard_per_floor":[[],[],[],[],[],[],[],[],[],[],[],[],[],[],[],["BlessingOfTheForge"],[],["Swift Potion"],[],[],[],[],[],[],[],[],[],[],[],[],[],[],["EssenceOfSteel"],[],["SneckoOil"],[],[],[],[],[],[],["SteroidPotion"],[],["AttackPotion"],[],[],[],[],[],[],[],[],[],[],[],[],[]]}