{"neow_bonuses_skipped_log":["RANDOM_COLORLESS","THREE_ENEMY_KILL","BOSS_RELIC"],"neow_costs_skipped_log":["NONE","NONE","NONE"],"potions_obtained_entropic_brew":[[],[],[],[],[],[],[],[],[],[],[],[],[],[],[],[],[],[],[],[],[],[],[],[],[],[],[],[],[],[],[],[],[],[],[],[],[],[],[],[],[],[],[],[],[],[],[],[],[],[],[],[],[],[],[],[]],"gold_per_floor":[111,111,121,133,47,47,64,393,465,493,508,508,518,543,543,620,620,631,546,566,112,132,159,159,209,233,263,263,73,86,118,118,192,192,206,217,236,236,511,539,556,567,567,586,618,918,934,961,961,961,961,961,961,47,76,76],"floor_reached":56,"playtime":7861,"items_purged":["Strike_R","Strike_R","Strike_R"],"score":2113,"play_id":"a986ce61-cb8a-434d-bb49-00567f143353","local_time":"20221130210616","falling_options_log":["Reaper","Inflame+1"],"score_breakdown":["Floors Climbed (56): 280","Enemies Slain (17): 34","Exordium Elites Killed (3): 30","City Elites Killed (3): 60","Beyond Elites Killed (3): 90","Bosses Slain (4): 500","Money Money (1786): 25","Champion (1): 25","Overkill: 25","Ascension (20): 1044"],"is_ascension_mode":true,"potions_obtained_alchemize":[[],[],[],[],[],[],[],[],[],[],[],[],[],[],[],[],[],[],[],[],[],[],[],[],[],[],[],[],[],[],[],[],[],[],[],[],[],[],[],[],[],[],[],[],[],[],[],[],[],[],[],[],[],[],[],[]],"campfire_choices":[{"data":"Immolate","floor":6,"key":"SMITH"},{"data":"Inflame","floor":12,"key":"SMITH"},{"data":"Armaments","floor":15,"key":"SMITH"},{"data":"Pommel Strike","floor":24,"key":"SMITH"},{"data":"Burning Pact","floor":28,"key":"SMITH"},{"data":"Burning Pact","floor":32,"key":"SMITH"},{"floor":49,"key":"RECALL"},{"data":"Impervious","floor":53,"key":"SMITH"}],"lesson_learned_per_floor":[[],[],[],[],[],[],[],[],[],[],[],[],[],[],[],[],[],[],[],[],[],[],[],[],[],[],[],[],[],[],[],[],[],[],[],[],[],[],[],[],[],[],[],[],[],[],[],[],[],[],[],[],[],[],[],[]],"neow_cost":"TEN_PERCENT_HP_LOSS","improvable_cards":{},"seed_source_timestamp":18931514517106,"shop_contents":[{"floor":5,"relics":["Potion Belt","Kunai","HandDrill"],"cards":["Wild Strike","Heavy Blade","True Grit","Warcry","Good Instincts","The Bomb"],"potions":["Block Potion","AttackPotion","LiquidBronze"]},{"floor":21,"relics":["Lizard Tail"],"cards":["Blood for Blood","Perfected Strike","True Grit","Combust","Dramatic Entrance","HandOfGreed"],"potions":["SneckoOil","Explosive Potion","SpeedPotion"]},{"floor":29,"relics":["Frozen Egg 2","Juzu Bracelet","PrismaticShard"],"cards":["Twin Strike","Whirlwind","True Grit","Metallicize","Good Instincts","The Bomb"],"potions":["Dexterity Potion","Energy Potion","DuplicationPotion"]},{"floor":54,"relics":[],"cards":["Body Slam+1","Anger+1","Flex","Double Tap","Fire Breathing","Magnetism"],"potions":["ColorlessPotion","Dexterity Potion"]}],"circlet_count":0,"master_deck":["AscendersBane","Defend_R","Defend_R","Defend_R","Defend_R","Bash","Anger","Ghostly Armor","Iron Wave","Immolate+1","Armaments+1","Burning Pact+1","Inflame+1","Pommel Strike+1","Flame Barrier","Hemokinesis","Impervious+1","Burning Pact+1","Reaper","Shrug It Off","Disarm","Bloodletting","Spot Weakness","Exhume","Bloodletting","Pommel Strike+1","Headbutt+1","Feel No Pain","Evolve","Body Slam+1","Sentinel+1","Blind","Barricade"],"potion_use_per_floor":[[],[],[],[],[],[],[],["SneckoOil"],[],["Fire Potion"],[],[],[],[],[],["SneckoOil"],[],[],[],[],[],[],["AttackPotion"],[],[],[],[],[],[],[],[],[],[],[],[],[],[],[],[],["GamblersBrew"],[],[],[],[],["AttackPotion"],[],[],[],[],[],["DuplicationPotion"],[],[],[],["DistilledChaos"],["PowerPotion"]],"relics":["Burning Blood","Old Coin","Pantograph","Pen Nib","Omamori","Coffee Dripper","Toy Ornithopter","TheAbacus","Art of War","Vajra","Oddly Smooth Stone","Self Forming Clay","Molten Egg 2","Runic Cube","Unceasing Top","Gremlin Horn","Shuriken","Toolbox","Mercury Hourglass","Orichalcum","StrikeDummy"],"potions_floor_usage":[8,10,16,23,40,45,51,55,56],"damage_taken":[{"damage":9,"enemies":"Jaw Worm","floor":1,"turns":5},{"damage":0,"enemies":"Cultist","floor":3,"turns":2},{"damage":0,"enemies":"2 Louse","floor":4,"turns":2},{"damage":9,"enemies":"Large Slime","floor":7,"turns":4},{"damage":20,"enemies":"Lagavulin","floor":8,"turns":8},{"damage":6,"enemies":"Gremlin Nob","floor":10,"turns":3},{"damage":0,"enemies":"Gremlin Gang","floor":11,"turns":1},{"damage":0,"enemies":"Exordium Wildlife","floor":13,"turns":4},{"damage":25,"enemies":"Lagavulin","floor":14,"turns":6},{"damage":11,"enemies":"Hexaghost","floor":16,"turns":7},{"damage":25,"enemies":"Shell Parasite","floor":18,"turns":5},{"damage":22,"enemies":"2 Thieves","floor":20,"turns":3},{"damage":16,"enemies":"Snake Plant","floor":22,"turns":4},{"damage":2,"enemies":"Gremlin Leader","floor":23,"turns":8},{"damage":22,"enemies":"Slavers","floor":27,"turns":4},{"damage":21,"enemies":"Shelled Parasite and Fungi","floor":30,"turns":6},{"damage":33,"enemies":"Book of Stabbing","floor":31,"turns":6},{"damage":34,"enemies":"Champ","floor":33,"turns":12},{"damage":10,"enemies":"3 Darklings","floor":35,"turns":4},{"damage":5,"enemies":"3 Shapes","floor":36,"turns":8},{"damage":22,"enemies":"Writhing Mass","floor":37,"turns":8},{"damage":54,"enemies":"Giant Head","floor":40,"turns":5},{"damage":13,"enemies":"Transient","floor":41,"turns":6},{"damage":33,"enemies":"Sphere and 2 Shapes","floor":42,"turns":5},{"damage":31,"enemies":"Maw","floor":44,"turns":7},{"damage":51,"enemies":"Reptomancer","floor":45,"turns":6},{"damage":39,"enemies":"Transient","floor":47,"turns":6},{"damage":19,"enemies":"Giant Head","floor":48,"turns":5},{"damage":73,"enemies":"Donu and Deca","floor":50,"turns":7},{"damage":85,"enemies":"Time Eater","floor":51,"turns":12},{"damage":27,"enemies":"Shield and Spear","floor":55,"turns":5},{"damage":81,"enemies":"The Heart","floor":56,"turns":9}],"green_key_taken_log":45,"seed_played":"3158385640735335054","neow_bonus_log":{"cardsObtained":["Anger","Ghostly Armor"],"cardsUpgraded":[],"cardsRemoved":[],"cardsTransformed":["Strike_R","Strike_R"],"relicsObtained":[],"maxHpGained":0,"goldGained":0,"damageTaken":0,"goldLost":0,"maxHpLost":7},"potions_obtained":[{"floor":1,"key":"SneckoOil"},{"floor":8,"key":"Fire Potion"},{"floor":11,"key":"AttackPotion"},{"floor":13,"key":"SneckoOil"},{"floor":23,"key":"SmokeBomb"},{"floor":27,"key":"AttackPotion"},{"floor":31,"key":"BlessingOfTheForge"},{"floor":33,"key":"Fire Potion"},{"floor":37,"key":"GamblersBrew"},{"floor":45,"key":"DuplicationPotion"},{"floor":47,"key":"Block Potion"},{"floor":48,"key":"PowerPotion"}],"is_trial":false,"path_per_floor":["M","?","M","M","$","R","M","E","T","E","M","R","M","E","R","B",null,"M","?","M","$","M","E","R","?","T","E","R","$","M","E","R","B",null,"M","M","M","?","?","E","M","M","T","M","E","?","M","E","R","B","B",null,"R","$","E","B"],"character_chosen":"IRONCLAD","items_purchased":["Inflame","TheAbacus","Shrug It Off","Art of War","Bloodletting","Toolbox","Blind","DistilledChaos","Mercury Hourglass","Orichalcum"],"campfire_rested":0,"item_purchase_floors":[5,21,21,21,29,54,54,54,54,54],"current_hp_per_floor":[65,65,68,68,68,68,65,51,51,51,57,57,63,44,44,63,67,57,57,52,52,42,68,68,62,62,55,55,55,56,40,40,62,67,68,68,66,66,66,61,68,68,68,57,33,33,36,68,68,68,26,58,58,58,57,0],"gold":76,"neow_bonus":"TRANSFORM_TWO_CARDS","is_prod":false,"is_daily":false,"rewards_skipped":[{"floor":35,"relics":[],"potions":["ElixirPotion"]}],"chose_seed":false,"campfire_upgraded":7,"win_rate":0,"floor_exit_playtime":[212,227,244,291,305,310,415,553,646,783,830,848,945,1037,1060,1455,1503,1639,1644,1756,1998,2092,2498,2511,2519,2525,2618,2640,2703,2863,3025,3063,3358,3504,3863,4002,4218,4249,4267,4668,4862,5090,5098,5287,5764,5800,6009,6189,6192,6464,6953,6967,7046,7107,7392],"timestamp":1669860376,"blue_key_relic_skipped_log":{"floor":43,"relicID":"Paper Frog"},"path_taken":["M","?","M","M","?","R","M","E","T","E","M","R","?","E","R","BOSS","M","?","M","$","M","E","R","?","T","E","R","$","M","E","R","BOSS","M","?","?","?","?","E","?","M","T","?","E","?","?","E","R","BOSS","BOSS","R","$","E","BOSS"],"build_version":"2022-10-04","purchased_purges":3,"victory":false,"max_hp_per_floor":[68,68,68,68,68,68,68,68,68,68,68,68,68,68,68,68,68,68,68,68,68,68,68,68,68,68,68,68,68,68,68,68,68,68,68,68,68,68,68,68,68,68,68,68,68,68,68,68,68,68,68,68,68,68,68,68],"relic_stats":{"Gremlin Horn":[2,2],"counters":[32,183],"Self Forming Clay":[357],"Pen Nib":[30],"Omamori":1,"Orichalcum":[12],"Burning Blood":150,"Mercury Hourglass":[45],"TheAbacus":[234],"Shuriken":[14],"Pantograph":60,"Art of War":[26],"obtain_stats":[{"Gremlin Horn":45,"Self Forming Clay":27,"Vajra":23,"Oddly Smooth Stone":26,"Pen Nib":10,"Omamori":14,"Orichalcum":54,"Burning Blood":0,"Old Coin":8,"Mercury Hourglass":54,"TheAbacus":21,"Shuriken":48,"Pantograph":9,"Toolbox":54,"Molten Egg 2":31,"Coffee Dripper":17,"Art of War":21,"StrikeDummy":55,"Toy Ornithopter":19,"Unceasing Top":40,"Runic Cube":34},{"Gremlin Horn":26,"Self Forming Clay":15,"Vajra":14,"Oddly Smooth Stone":14,"Pen Nib":6,"Omamori":9,"Orichalcum":30,"Burning Blood":0,"Old Coin":5,"Mercury Hourglass":30,"TheAbacus":12,"Shuriken":28,"Pantograph":5,"Toolbox":30,"Molten Egg 2":17,"Coffee Dripper":10,"Art of War":12,"StrikeDummy":31,"Toy Ornithopter":11,"Unceasing Top":22,"Runic Cube":18},{"Gremlin Horn":139,"Self Forming Clay":66,"Vajra":62,"Oddly Smooth Stone":62,"Pen Nib":24,"Omamori":35,"Orichalcum":169,"Burning Blood":0,"Old Coin":21,"Mercury Hourglass":169,"TheAbacus":50,"Shuriken":150,"Pantograph":21,"Toolbox":169,"Molten Egg 2":78,"Coffee Dripper":42,"Art of War":50,"StrikeDummy":174,"Toy Ornithopter":47,"Unceasing Top":115,"Runic Cube":90}],"Toy Ornithopter":22,"Unceasing Top":[12],"Runic Cube":[111]},"card_choices":[{"not_picked":["Flame Barrier","Shrug It Off"],"picked":"Iron Wave","floor":1},{"not_picked":["Dual Wield","Entrench"],"picked":"Armaments","floor":3},{"not_picked":["Clash","True Grit"],"picked":"Burning Pact","floor":4},{"not_picked":["Body Slam","Armaments","Infernal Blade"],"picked":"SKIP","floor":7},{"not_picked":["Twin Strike","Sword Boomerang"],"picked":"Pommel Strike","floor":8},{"not_picked":["Heavy Blade","Entrench"],"picked":"Flame Barrier","floor":10},{"not_picked":["Inflame","Heavy Blade"],"picked":"Hemokinesis","floor":11},{"not_picked":["Body Slam","Cleave"],"picked":"Impervious","floor":13},{"not_picked":["Hemokinesis","Perfected Strike"],"picked":"Burning Pact","floor":14},{"not_picked":["Berserk","Juggernaut"],"picked":"Reaper","floor":16},{"not_picked":["Pummel","Entrench","Flex"],"picked":"SKIP","floor":18},{"not_picked":["Wild Strike","Ghostly Armor","Dropkick+1"],"picked":"SKIP","floor":20},{"not_picked":["Shrug It Off","Wild Strike"],"picked":"Disarm","floor":22},{"not_picked":["Clash","Fire Breathing","Cleave"],"picked":"SKIP","floor":23},{"not_picked":["Havoc","Rampage","Armaments"],"picked":"SKIP","floor":27},{"not_picked":["Iron Wave+1","Sentinel"],"picked":"Spot Weakness","floor":30},{"not_picked":["True Grit","Heavy Blade+1","Sever Soul+1"],"picked":"SKIP","floor":31},{"not_picked":["True Grit","Heavy Blade+1","Sever Soul+1"],"picked":"SKIP","floor":31},{"not_picked":["Demon Form","Barricade"],"picked":"Exhume","floor":33},{"not_picked":["Twin Strike+1","Whirlwind+1"],"picked":"Warcry+1","floor":35},{"not_picked":["Havoc+1","Perfected Strike+1"],"picked":"Bloodletting","floor":36},{"not_picked":["Cleave+1","Metallicize"],"picked":"Pommel Strike+1","floor":37},{"not_picked":["Armaments","Demon Form"],"picked":"Headbutt+1","floor":40},{"not_picked":["Seeing Red","Sword Boomerang+1"],"picked":"Feel No Pain","floor":41},{"not_picked":["Cleave+1","Warcry","Wild Strike+1"],"picked":"SKIP","floor":42},{"not_picked":["Wild Strike+1","Thunderclap+1","Twin Strike+1"],"picked":"SKIP","floor":44},{"not_picked":["Flame Barrier","Perfected Strike+1"],"picked":"Evolve","floor":45},{"not_picked":["Rampage+1","Perfected Strike+1"],"picked":"Body Slam+1","floor":47},{"not_picked":["Heavy Blade+1","Inflame"],"picked":"Sentinel+1","floor":48},{"not_picked":["Headbutt+1","Feel No Pain"],"picked":"Barricade","floor":55}],"player_experience":4578593,"relics_obtained":[{"floor":8,"key":"Old Coin"},{"floor":9,"key":"Pantograph"},{"floor":10,"key":"Pen Nib"},{"floor":14,"key":"Omamori"},{"floor":23,"key":"Vajra"},{"floor":26,"key":"Oddly Smooth Stone"},{"floor":27,"key":"Self Forming Clay"},{"floor":31,"key":"Molten Egg 2"},{"floor":40,"key":"Unceasing Top"},{"floor":45,"key":"Gremlin Horn"},{"floor":48,"key":"Shuriken"},{"floor":55,"key":"StrikeDummy"}],"event_choices":[{"damage_healed":0,"gold_gain":0,"player_choice":"1 cards matched","damage_taken":0,"max_hp_gain":0,"max_hp_loss":0,"event_name":"Match and Keep!","floor":2,"gold_loss":0,"cards_obtained":["Immolate"]},{"damage_healed":0,"gold_gain":0,"player_choice":"Obtained Relic","damage_taken":0,"relics_obtained":["Toy Ornithopter"],"max_hp_gain":0,"max_hp_loss":0,"event_name":"Addict","floor":19,"gold_loss":85},{"damage_healed":0,"gold_gain":50,"player_choice":"Touch","damage_taken":6,"max_hp_gain":0,"max_hp_loss":0,"event_name":"FaceTrader","floor":25,"gold_loss":0},{"cards_removed":["Warcry"],"damage_healed":0,"gold_gain":0,"player_choice":"Removed Skill","damage_taken":0,"max_hp_gain":0,"max_hp_loss":0,"event_name":"Falling","floor":38,"gold_loss":0},{"damage_healed":0,"gold_gain":275,"player_choice":"Desecrate","damage_taken":0,"max_hp_gain":0,"max_hp_loss":0,"event_name":"Golden Shrine","floor":39,"gold_loss":0,"cards_obtained":["Regret"]},{"damage_healed":0,"gold_gain":300,"player_choice":"Gold","damage_taken":0,"max_hp_gain":0,"max_hp_loss":0,"event_name":"Wheel of Change","floor":46,"gold_loss":0}],"is_beta":false,"boss_relics":[{"not_picked":["Philosopher\u0027s Stone","Cursed Key"],"picked":"Coffee Dripper"},{"not_picked":["Empty Cage","Tiny House"],"picked":"Runic Cube"}],"items_purged_floors":[21,29,54],"is_endless":false,"potions_floor_spawned":[1,8,11,13,23,27,31,33,35,37,45,47,48],"killed_by":"The Heart","ascension_level":20,"potion_discard_per_floor":[[],[],[],[],[],[],[],[],[],[],[],[],[],[],[],[],[],[],[],[],[],[],[],[],[],[],[],[],[],[],["SmokeBomb"],[],["BlessingOfTheForge"],[],[],[],["Fire Potion"],[],[],[],[],[],[],[],[],[],[],["Block Potion"],[],[],[],[],[],[],[],[]]}