{"neow_bonuses_skipped_log":["TRANSFORM_CARD","ONE_RARE_RELIC","BOSS_RELIC"],"potions_obtained_entropic_brew":[[],[],[],[],[],[],[],[],[],[],[],[],[],[],[],[],[],[],[],[],[],[],[],[],[],[],[],[],[],[],[],[],[],[],[],[],[],[],[],[],[],[],[],[],[],[],[],[],[],[],[],[],[],[],[],[],[]],"neow_costs_skipped_log":["NONE","PERCENT_DAMAGE","NONE"],"gold_per_floor":[209,134,153,173,8,8,34,53,53,80,80,20,20,48,48,126,126,143,193,203,215,5,40,53,66,91,91,91,122,133,164,164,240,240,256,256,268,268,282,312,326,326,326,339,350,379,389,420,420,420,420,420,420,2,35,35],"floor_reached":57,"playtime":7608,"items_purged":["Strike_R","Strike_R"],"score":3048,"play_id":"ee15a72c-c3d0-40f4-a84b-0ade91f13fff","local_time":"20221128202731","score_breakdown":["Floors Climbed (57): 285","Enemies Slain (17): 34","Exordium Elites Killed (3): 30","City Elites Killed (3): 60","Beyond Elites Killed (3): 90","Bosses Slain (5): 750","Collector (1): 25","Librarian: 25","Champion (3): 75","Overkill: 25","C-c-c-combo: 25","Ascension (20): 1374","Heartbreaker: 250"],"is_ascension_mode":true,"potions_obtained_alchemize":[[],[],[],[],[],[],[],[],[],[],[],[],[],[],[],[],[],[],[],[],[],[],[],[],[],[],[],[],[],[],[],[],[],[],[],[],[],[],[],[],[],[],[],[],[],[],[],[],[],[],[],[],[],[],[],[],[]],"campfire_choices":[{"data":"Carnage","floor":6,"key":"SMITH"},{"data":"Pommel Strike","floor":11,"key":"SMITH"},{"data":"Metallicize","floor":15,"key":"SMITH"},{"data":"Body Slam","floor":27,"key":"SMITH"},{"data":"Feel No Pain","floor":32,"key":"SMITH"},{"floor":42,"key":"RECALL"},{"data":"Barricade","floor":49,"key":"SMITH"},{"data":"Corruption","floor":53,"key":"SMITH"}],"lesson_learned_per_floor":[[],[],[],[],[],[],[],[],[],[],[],[],[],[],[],[],[],[],[],[],[],[],[],[],[],[],[],[],[],[],[],[],[],[],[],[],[],[],[],[],[],[],[],[],[],[],[],[],[],[],[],[],[],[],[],[],[]],"neow_cost":"NONE","improvable_cards":{},"seed_source_timestamp":13538671325584,"shop_contents":[{"floor":5,"relics":["MealTicket","Medical Kit"],"cards":["Headbutt","Clothesline","Flex","Double Tap","Feel No Pain","Dramatic Entrance","Apotheosis"],"potions":["SkillPotion","Fire Potion","Block Potion"]},{"floor":12,"relics":["Oddly Smooth Stone","Vajra","Strange Spoon"],"cards":["Pommel Strike","Reckless Charge","Warcry","True Grit","Fire Breathing","Trip","Secret Weapon"],"potions":["SpeedPotion","SkillPotion","LiquidMemories"]},{"floor":22,"relics":["Orichalcum","Lantern","TheAbacus"],"cards":["Searing Blow","Clothesline","Warcry+1","Bloodletting+1","Fire Breathing","Deep Breath+1","Apotheosis+1"],"potions":["BlessingOfTheForge","LiquidBronze","PowerPotion"]},{"floor":54,"relics":["Letter Opener","Nunchaku","Sling"],"cards":["Perfected Strike","Pummel","Armaments+1","Armaments+1","Rupture","Impatience+1","Trip+1"],"potions":["BloodPotion","Explosive Potion","EssenceOfSteel"]}],"circlet_count":0,"master_deck":["AscendersBane","Strike_R+1","Defend_R","Defend_R","Defend_R","Defend_R","Bash","Carnage+1","Feel No Pain+1","Pommel Strike+1","Metallicize+1","Anger+1","Battle Trance","Corruption+1","Shrug It Off","Rage+1","True Grit+1","Body Slam+1","Spot Weakness+1","Reaper","Shrug It Off+1","Headbutt","Offering+1","Burning Pact+1","Shrug It Off+1","Offering+1","Shrug It Off+1","Spot Weakness+1","Sword Boomerang+1","Impervious+1","Warcry+1","Barricade+1","Evolve","Warcry+1","Secret Technique+1","Shockwave+1"],"potion_use_per_floor":[[],[],[],[],[],[],[],[],[],[],[],[],[],[],[],[],[],[],[],[],["Regen Potion"],[],["DistilledChaos"],[],[],[],[],[],[],[],[],[],["EssenceOfSteel"],[],[],[],[],[],[],[],[],[],[],[],[],[],[],[],[],[],[],[],[],[],[],["Ancient Potion","SteroidPotion","DistilledChaos"],[]],"relics":["Burning Blood","PreservedInsect","Ancient Tea Set","Happy Flower","The Courier","Question Card","Coffee Dripper","Toxic Egg 2","Potion Belt","Toy Ornithopter","Whetstone","Red Skull","SacredBark","Omamori","Boot","Pen Nib","Juzu Bracelet","Mercury Hourglass"],"potions_floor_usage":[21,23,33,56,56,56],"damage_taken":[{"damage":9,"enemies":"2 Louse","floor":1,"turns":3},{"damage":6,"enemies":"Jaw Worm","floor":3,"turns":6},{"damage":2,"enemies":"Cultist","floor":4,"turns":4},{"damage":15,"enemies":"Lagavulin","floor":7,"turns":4},{"damage":17,"enemies":"Exordium Thugs","floor":8,"turns":5},{"damage":10,"enemies":"Gremlin Nob","floor":10,"turns":3},{"damage":0,"enemies":"Lagavulin","floor":14,"turns":3},{"damage":17,"enemies":"The Guardian","floor":16,"turns":17},{"damage":16,"enemies":"Shell Parasite","floor":18,"turns":3},{"damage":6,"enemies":"Spheric Guardian","floor":20,"turns":4},{"damage":0,"enemies":"Chosen and Byrds","floor":21,"turns":7},{"damage":17,"enemies":"Slavers","floor":23,"turns":8},{"damage":8,"enemies":"Snake Plant","floor":24,"turns":6},{"damage":0,"enemies":"3 Cultists","floor":25,"turns":5},{"damage":18,"enemies":"Book of Stabbing","floor":29,"turns":4},{"damage":1,"enemies":"Snecko","floor":30,"turns":7},{"damage":12,"enemies":"Slavers","floor":31,"turns":5},{"damage":17,"enemies":"Champ","floor":33,"turns":14},{"damage":29,"enemies":"3 Darklings","floor":35,"turns":9},{"damage":13,"enemies":"Orb Walker","floor":37,"turns":5},{"damage":26,"enemies":"4 Shapes","floor":39,"turns":4},{"damage":12,"enemies":"Giant Head","floor":40,"turns":5},{"damage":31,"enemies":"Transient","floor":41,"turns":6},{"damage":12,"enemies":"Writhing Mass","floor":44,"turns":4},{"damage":12,"enemies":"3 Darklings","floor":45,"turns":3},{"damage":58,"enemies":"Nemesis","floor":46,"turns":7},{"damage":10,"enemies":"Sphere and 2 Shapes","floor":47,"turns":26},{"damage":37,"enemies":"Reptomancer","floor":48,"turns":7},{"damage":48,"enemies":"Time Eater","floor":50,"turns":11},{"damage":18,"enemies":"Donu and Deca","floor":51,"turns":8},{"damage":12,"enemies":"Shield and Spear","floor":55,"turns":4},{"damage":38,"enemies":"The Heart","floor":56,"turns":7}],"green_key_taken_log":10,"seed_played":"8853203199804637876","neow_bonus_log":{"cardsObtained":[],"cardsUpgraded":[],"cardsRemoved":[],"cardsTransformed":[],"relicsObtained":[],"maxHpGained":0,"goldGained":100,"damageTaken":0,"goldLost":0,"maxHpLost":0},"potions_obtained":[{"floor":7,"key":"PowerPotion"},{"floor":14,"key":"DistilledChaos"},{"floor":18,"key":"Regen Potion"},{"floor":21,"key":"EssenceOfSteel"},{"floor":23,"key":"SteroidPotion"},{"floor":30,"key":"Energy Potion"},{"floor":33,"key":"Dexterity Potion"},{"floor":37,"key":"SmokeBomb"},{"floor":39,"key":"DistilledChaos"},{"floor":44,"key":"LiquidMemories"}],"is_trial":false,"path_per_floor":["M","?","M","M","$","R","E","M","T","E","R","$","?","E","R","B",null,"M","?","M","M","$","E","M","M","T","R","T","E","M","E","R","B",null,"M","?","M","?","M","E","M","R","T","M","M","E","M","E","R","B","B",null,"R","$","E","B",null],"character_chosen":"IRONCLAD","items_purchased":["PreservedInsect","Toxic Egg 2","Ancient Potion","Evolve","Warcry+1","Secret Technique+1"],"campfire_rested":0,"item_purchase_floors":[5,22,54,54,54,54],"current_hp_per_floor":[65,65,65,69,69,69,60,49,49,45,45,45,38,44,44,33,65,55,55,55,75,75,64,62,68,68,68,68,56,65,69,69,75,75,68,68,73,73,75,75,74,74,74,75,75,35,69,60,60,58,75,75,75,75,75,75],"gold":35,"neow_bonus":"HUNDRED_GOLD","is_prod":false,"is_daily":false,"rewards_skipped":[{"floor":16,"relics":[],"potions":["Weak Potion"]},{"floor":45,"relics":[],"potions":["Explosive Potion"]},{"floor":47,"relics":[],"potions":["AttackPotion"]},{"floor":55,"relics":[],"potions":["LiquidMemories"]}],"chose_seed":false,"campfire_upgraded":7,"win_rate":0,"floor_exit_playtime":[180,234,378,451,463,469,809,941,951,993,1021,1052,1059,1120,1136,1376,1512,1648,1654,1721,1886,1953,2108,2276,2361,2368,2374,2455,2536,2634,2818,2823,3107,3229,3564,3568,3680,3755,4050,4333,4609,4627,4669,4850,4996,5218,5723,6041,6103,6326,6658,6670,6693,7123,7307,7608],"timestamp":1669685251,"blue_key_relic_skipped_log":{"floor":28,"relicID":"Singing Bowl"},"path_taken":["M","?","M","M","$","R","E","M","T","E","R","$","?","E","R","BOSS","M","?","M","?","$","E","M","M","T","R","?","E","M","E","R","BOSS","M","?","M","?","?","E","M","R","T","M","M","E","M","E","R","BOSS","BOSS","R","$","E","BOSS"],"build_version":"2022-10-04","purchased_purges":2,"victory":true,"max_hp_per_floor":[75,75,75,75,75,75,75,75,75,75,75,75,75,75,75,75,75,75,75,75,75,75,75,75,75,75,75,75,75,75,75,75,75,75,75,75,75,75,75,75,75,75,75,75,75,75,75,75,75,75,75,75,75,75,75,75],"relic_stats":{"Happy Flower":[64],"counters":[32,214],"PreservedInsect":525,"The Courier":172,"Pen Nib":[9],"Omamori":1,"Juzu Bracelet":0,"Whetstone":["Strike_R","Anger"],"Ancient Tea Set":[14],"Question Card":22,"Boot":[58],"Burning Blood":157,"Mercury Hourglass":[21],"obtain_stats":[{"Potion Belt":23,"Happy Flower":9,"SacredBark":34,"PreservedInsect":5,"The Courier":10,"Pen Nib":46,"Omamori":40,"Juzu Bracelet":48,"Whetstone":29,"Ancient Tea Set":7,"Question Card":14,"Boot":43,"Burning Blood":0,"Mercury Hourglass":55,"Coffee Dripper":17,"Toxic Egg 2":22,"Toy Ornithopter":26,"Red Skull":31},{"Potion Belt":12,"Happy Flower":5,"SacredBark":18,"PreservedInsect":3,"The Courier":6,"Pen Nib":26,"Omamori":22,"Juzu Bracelet":28,"Whetstone":15,"Ancient Tea Set":4,"Question Card":7,"Boot":23,"Burning Blood":0,"Mercury Hourglass":31,"Coffee Dripper":8,"Toxic Egg 2":11,"Toy Ornithopter":14,"Red Skull":17},{"Potion Belt":67,"Happy Flower":22,"SacredBark":108,"PreservedInsect":13,"The Courier":25,"Pen Nib":151,"Omamori":131,"Juzu Bracelet":184,"Whetstone":82,"Ancient Tea Set":17,"Question Card":28,"Boot":137,"Burning Blood":0,"Mercury Hourglass":207,"Coffee Dripper":45,"Toxic Egg 2":59,"Toy Ornithopter":78,"Red Skull":94}],"Toy Ornithopter":14},"card_choices":[{"not_picked":["Havoc","Flex","Second Wind"],"picked":"SKIP","floor":1},{"not_picked":["Rage","Metallicize"],"picked":"Carnage","floor":3},{"not_picked":["Flex","Headbutt"],"picked":"Feel No Pain","floor":4},{"not_picked":["Intimidate","Sword Boomerang"],"picked":"Pommel Strike","floor":7},{"not_picked":["Dropkick","Warcry"],"picked":"Metallicize","floor":8},{"not_picked":["Thunderclap","Juggernaut"],"picked":"Anger","floor":10},{"not_picked":["Infernal Blade","Clash"],"picked":"Battle Trance","floor":14},{"not_picked":["Fiend Fire","Offering","Barricade"],"picked":"Corruption","floor":16},{"not_picked":["Havoc","Clothesline","Headbutt","True Grit"],"picked":"SKIP","floor":18},{"not_picked":["Iron Wave","Heavy Blade","Armaments"],"picked":"Shrug It Off","floor":20},{"not_picked":["Shrug It Off","Berserk","Perfected Strike"],"picked":"Rage+1","floor":21},{"not_picked":["Shrug It Off+1","Armaments+1","Headbutt"],"picked":"True Grit+1","floor":23},{"not_picked":["Metallicize","True Grit+1","Intimidate+1"],"picked":"Body Slam","floor":24},{"not_picked":["Body Slam","Evolve","Warcry+1"],"picked":"Spot Weakness+1","floor":25},{"not_picked":["Heavy Blade","Evolve","Searing Blow+1"],"picked":"Reaper","floor":29},{"not_picked":["Perfected Strike","Armaments+1","Thunderclap"],"picked":"Shrug It Off+1","floor":30},{"not_picked":["Reckless Charge","Bludgeon","Heavy Blade"],"picked":"Headbutt","floor":31},{"not_picked":["Brutality","Immolate","Limit Break+1"],"picked":"Offering+1","floor":33},{"not_picked":["Metallicize+1","Thunderclap","Reckless Charge"],"picked":"Burning Pact+1","floor":35},{"not_picked":["Thunderclap+1","Twin Strike","Iron Wave+1"],"picked":"Shrug It Off+1","floor":37},{"not_picked":["Clash+1","Havoc+1","Blood for Blood"],"picked":"Shrug It Off+1","floor":39},{"not_picked":["Battle Trance+1","Pommel Strike+1","Flame Barrier+1"],"picked":"Spot Weakness+1","floor":40},{"not_picked":["Entrench+1","Rage+1","Sentinel+1","Iron Wave"],"picked":"SKIP","floor":41},{"not_picked":["Entrench+1","Rage+1","Sentinel+1","Iron Wave"],"picked":"SKIP","floor":41},{"not_picked":["Wild Strike","Perfected Strike","Rupture"],"picked":"Sword Boomerang+1","floor":44},{"not_picked":["Havoc+1","Perfected Strike","Clash+1","Metallicize"],"picked":"SKIP","floor":45},{"not_picked":["Havoc+1","Thunderclap","Armaments+1"],"picked":"Impervious+1","floor":46},{"not_picked":["Perfected Strike","Headbutt+1","Wild Strike"],"picked":"Warcry+1","floor":47},{"not_picked":["Dual Wield+1","Pommel Strike+1","Whirlwind"],"picked":"Barricade","floor":48},{"not_picked":["Flame Barrier+1","Blood for Blood","Wild Strike+1"],"picked":"Shockwave+1","floor":55}],"player_experience":4564081,"relics_obtained":[{"floor":7,"key":"Ancient Tea Set"},{"floor":9,"key":"Happy Flower"},{"floor":10,"key":"The Courier"},{"floor":14,"key":"Question Card"},{"floor":23,"key":"Potion Belt"},{"floor":26,"key":"Toy Ornithopter"},{"floor":29,"key":"Whetstone"},{"floor":31,"key":"Red Skull"},{"floor":40,"key":"Omamori"},{"floor":43,"key":"Boot"},{"floor":46,"key":"Pen Nib"},{"floor":48,"key":"Juzu Bracelet"},{"floor":55,"key":"Mercury Hourglass"}],"event_choices":[{"cards_removed":["Strike_R"],"damage_healed":0,"gold_gain":0,"player_choice":"Card Removal","damage_taken":0,"max_hp_gain":0,"max_hp_loss":0,"event_name":"The Cleric","floor":2,"gold_loss":75},{"cards_removed":["Strike_R"],"damage_healed":0,"gold_gain":0,"player_choice":"Card Removal","damage_taken":7,"max_hp_gain":0,"max_hp_loss":0,"event_name":"Golden Wing","floor":13,"gold_loss":0},{"damage_healed":0,"gold_gain":100,"player_choice":"Bet on Murderer","damage_taken":0,"max_hp_gain":0,"max_hp_loss":0,"event_name":"The Joust","floor":19,"gold_loss":50},{"damage_healed":0,"gold_gain":0,"player_choice":"Ignored","damage_taken":0,"max_hp_gain":0,"max_hp_loss":0,"event_name":"Tomb of Lord Red Mask","floor":36,"gold_loss":0},{"damage_healed":0,"gold_gain":0,"player_choice":"Copied","damage_taken":0,"max_hp_gain":0,"max_hp_loss":0,"event_name":"Duplicator","floor":38,"gold_loss":0,"cards_obtained":["Offering"]}],"is_beta":false,"boss_relics":[{"not_picked":["Cursed Key","Fusion Hammer"],"picked":"Coffee Dripper"},{"not_picked":["Calling Bell","Snecko Eye"],"picked":"SacredBark"}],"items_purged_floors":[12,54],"is_endless":false,"potions_floor_spawned":[7,14,16,18,21,23,30,33,37,39,44,45,47,55],"ascension_level":20,"potion_discard_per_floor":[[],[],[],[],[],[],[],[],[],[],[],[],[],[],[],[],[],["PowerPotion"],[],[],[],[],[],[],[],[],[],[],[],[],[],[],[],[],[],[],[],[],["SmokeBomb"],[],[],[],[],["Energy Potion"],[],[],[],[],[],[],[],[],[],["Dexterity Potion"],[],[],[]]}