{"neow_bonuses_skipped_log":["UPGRADE_CARD","TRANSFORM_TWO_CARDS","BOSS_RELIC"],"potions_obtained_entropic_brew":[[],[],[],[],[],[],[],[],[],[],[],[],[],[],[],[],[],[],[],[],[],[],[],[],[],[],[],[],[],[],[],[],[],[],[],[],[],[],[],[],[],[],[],[],[],[],[],[],[],[],[],[],[],[],[],[],[]],"neow_costs_skipped_log":["NONE","CURSE","NONE"],"gold_per_floor":[109,120,131,142,153,183,183,148,148,176,176,210,53,81,81,158,158,169,169,183,183,201,201,233,253,303,332,343,343,258,290,290,363,363,380,425,443,454,467,497,507,538,538,554,589,41,41,57,57,57,57,57,57,7,39,39],"floor_reached":57,"playtime":3802,"items_purged":["Normality","Strike_R+1"],"score":3243,"play_id":"4ad6de02-39b4-48ee-8a2d-2c74904861d1","local_time":"20221217211626","score_breakdown":["Floors Climbed (57): 285","Enemies Slain (17): 34","Exordium Elites Killed (4): 40","City Elites Killed (3): 60","Beyond Elites Killed (3): 90","Bosses Slain (5): 750","Librarian: 25","Champion (6): 150","Perfect (1): 50","Overkill: 25","Ascension (20): 1484","Heartbreaker: 250"],"is_ascension_mode":true,"potions_obtained_alchemize":[[],[],[],[],[],[],[],[],[],[],[],[],[],[],[],[],[],[],[],[],[],[],[],[],[],[],[],[],[],[],[],[],[],[],[],[],[],[],[],[],[],[],[],[],[],[],[],[],[],[],[],[],[],[],[],[],[]],"campfire_choices":[{"data":"Twin Strike","floor":7,"key":"SMITH"},{"data":"Whirlwind","floor":11,"key":"SMITH"},{"data":"1","floor":15,"key":"LIFT"},{"data":"2","floor":23,"key":"LIFT"},{"data":"3","floor":29,"key":"LIFT"},{"data":"Shockwave","floor":32,"key":"SMITH"},{"floor":47,"key":"RECALL"},{"data":"True Grit","floor":49,"key":"SMITH"},{"data":"Entrench","floor":53,"key":"SMITH"}],"lesson_learned_per_floor":[[],[],[],[],[],[],[],[],[],[],[],[],[],[],[],[],[],[],[],[],[],[],[],[],[],[],[],[],[],[],[],[],[],[],[],[],[],[],[],[],[],[],[],[],[],[],[],[],[],[],[],[],[],[],[],[],[]],"neow_cost":"NONE","improvable_cards":{},"seed_source_timestamp":22889324230008,"shop_contents":[{"floor":13,"relics":["Happy Flower","Medical Kit"],"cards":["Perfected Strike","Sword Boomerang","Shockwave","Impervious","Dark Embrace","Dark Shackles","Secret Weapon"],"potions":["AttackPotion","Block Potion","BloodPotion"]},{"floor":46,"relics":["Sundial","StrikeDummy","Ginger"],"cards":["Hemokinesis+1","Headbutt+1","Armaments","Second Wind","Brutality","Trip","Chrysalis"],"potions":["DuplicationPotion","LiquidBronze","Block Potion"]},{"floor":54,"relics":["Lantern","War Paint","ClockworkSouvenir"],"cards":["Carnage+1","Whirlwind+1","Shrug It Off","Flex","Dark Embrace","Enlightenment","Transmutation"],"potions":["Dexterity Potion","FairyPotion","SpeedPotion"]}],"circlet_count":0,"master_deck":["AscendersBane","Strike_R+1","Strike_R+1","Strike_R+1","Strike_R+1","Defend_R+1","Defend_R+1","Defend_R+1","Defend_R+1","Bash","Twin Strike+1","Shockwave+1","Metallicize","Anger","Impervious","Whirlwind+1","Iron Wave","Shrug It Off","Impervious","Bloodletting","Pummel","Clumsy","Barricade","Second Wind","Battle Trance","Fiend Fire+1","Sword Boomerang+1","Dark Embrace+1","Body Slam+1","Disarm+1","Battle Trance","Dark Embrace","True Grit+1","Offering","Entrench+1","Shrug It Off+1"],"potion_use_per_floor":[[],[],[],[],[],["ColorlessPotion"],[],[],[],["Weak Potion"],[],[],[],[],[],[],[],[],[],[],[],[],[],[],[],[],[],[],[],[],[],[],[],[],[],["Fire Potion"],[],[],[],[],[],[],[],["ElixirPotion"],[],[],[],[],[],[],[],[],[],[],[],["Dexterity Potion","PowerPotion","Explosive Potion","DuplicationPotion"],[]],"relics":["Burning Blood","Bag of Preparation","Torii","Girya","PreservedInsect","Centennial Puzzle","Cursed Key","Matryoshka","Oddly Smooth Stone","Potion Belt","Mummified Hand","Bronze Scales","Molten Egg 2","SlaversCollar","StoneCalendar","The Courier","Mercury Hourglass","Pen Nib","Anchor","Smiling Mask","TheAbacus","HornCleat","Charon\u0027s Ashes"],"potions_floor_usage":[6,10,36,44,56,56,56,56],"damage_taken":[{"damage":7,"enemies":"Cultist","floor":1,"turns":4},{"damage":4,"enemies":"Jaw Worm","floor":2,"turns":4},{"damage":4,"enemies":"2 Louse","floor":3,"turns":4},{"damage":6,"enemies":"Red Slaver","floor":4,"turns":3},{"damage":5,"enemies":"2 Fungi Beasts","floor":5,"turns":4},{"damage":23,"enemies":"Lagavulin","floor":6,"turns":8},{"damage":26,"enemies":"Gremlin Nob","floor":10,"turns":5},{"damage":18,"enemies":"Lagavulin","floor":12,"turns":8},{"damage":11,"enemies":"3 Sentries","floor":14,"turns":4},{"damage":22,"enemies":"The Guardian","floor":16,"turns":17},{"damage":0,"enemies":"3 Byrds","floor":18,"turns":4},{"damage":1,"enemies":"Spheric Guardian","floor":20,"turns":5},{"damage":17,"enemies":"Shelled Parasite and Fungi","floor":22,"turns":4},{"damage":0,"enemies":"Gremlin Leader","floor":24,"turns":5},{"damage":0,"enemies":"3 Cultists","floor":25,"turns":2},{"damage":0,"enemies":"Slavers","floor":27,"turns":1},{"damage":0,"enemies":"Snecko","floor":28,"turns":6},{"damage":3,"enemies":"Gremlin Leader","floor":31,"turns":4},{"damage":36,"enemies":"Collector","floor":33,"turns":11},{"damage":0,"enemies":"Orb Walker","floor":35,"turns":1},{"damage":31,"enemies":"2 Orb Walkers","floor":36,"turns":4},{"damage":1,"enemies":"3 Shapes","floor":37,"turns":7},{"damage":3,"enemies":"3 Darklings","floor":38,"turns":4},{"damage":12,"enemies":"Writhing Mass","floor":39,"turns":6},{"damage":9,"enemies":"Giant Head","floor":40,"turns":5},{"damage":4,"enemies":"Jaw Worm Horde","floor":41,"turns":3},{"damage":0,"enemies":"Nemesis","floor":42,"turns":3},{"damage":14,"enemies":"3 Darklings","floor":44,"turns":4},{"damage":3,"enemies":"Reptomancer","floor":45,"turns":2},{"damage":0,"enemies":"Spire Growth","floor":48,"turns":1},{"damage":7,"enemies":"Donu and Deca","floor":50,"turns":9},{"damage":3,"enemies":"Time Eater","floor":51,"turns":9},{"damage":3,"enemies":"Shield and Spear","floor":55,"turns":5},{"damage":15,"enemies":"The Heart","floor":56,"turns":8}],"green_key_taken_log":31,"seed_played":"-666211781926141466","neow_bonus_log":{"cardsObtained":[],"cardsUpgraded":[],"cardsRemoved":[],"cardsTransformed":[],"relicsObtained":["Bag of Preparation"],"maxHpGained":0,"goldGained":0,"damageTaken":0,"goldLost":0,"maxHpLost":0},"potions_obtained":[{"floor":3,"key":"Weak Potion"},{"floor":5,"key":"ColorlessPotion"},{"floor":12,"key":"DuplicationPotion"},{"floor":16,"key":"Fire Potion"},{"floor":31,"key":"SteroidPotion"},{"floor":33,"key":"Dexterity Potion"},{"floor":39,"key":"Explosive Potion"},{"floor":40,"key":"ElixirPotion"},{"floor":41,"key":"PowerPotion"},{"floor":48,"key":"Explosive Potion"}],"is_trial":false,"path_per_floor":["M","M","M","M","M","E","R","?","T","E","R","E","$","E","R","B",null,"M","?","M","?","M","R","E","M","T","E","M","R","?","E","R","B",null,"M","?","M","M","M","E","M","E","T","M","E","$","R","M","R","B","B",null,"R","$","E","B",null],"character_chosen":"IRONCLAD","items_purchased":["PreservedInsect","Offering","Entrench","TheAbacus","HornCleat"],"campfire_rested":0,"item_purchase_floors":[13,46,46,46,46],"current_hp_per_floor":[67,69,71,71,72,55,55,73,73,53,53,41,41,36,36,20,61,67,67,72,72,61,61,67,73,73,75,75,75,75,75,75,45,68,74,49,54,57,51,48,50,56,56,48,51,51,51,57,57,56,59,71,71,71,74,65],"gold":39,"neow_bonus":"RANDOM_COMMON_RELIC","is_prod":false,"is_daily":false,"rewards_skipped":[{"floor":10,"relics":["Tiny Chest"],"potions":[]},{"floor":18,"relics":[],"potions":["SmokeBomb"]},{"floor":22,"relics":[],"potions":["Energy Potion"]},{"floor":24,"relics":[],"potions":["Explosive Potion"]}],"chose_seed":false,"campfire_upgraded":5,"win_rate":0,"floor_exit_playtime":[232,278,310,357,431,554,581,608,611,702,708,831,865,964,977,1143,1214,1262,1282,1334,1340,1447,1452,1524,1598,1606,1623,1708,1742,1748,1865,1879,2097,2142,2214,2309,2373,2464,2599,2701,2780,2825,2829,2997,3077,3125,3130,3150,3156,3312,3441,3454,3471,3512,3634,3802],"timestamp":1671329786,"blue_key_relic_skipped_log":{"floor":9,"relicID":"Darkstone Periapt"},"path_taken":["M","M","M","M","?","E","R","?","T","E","R","E","$","E","R","BOSS","M","?","?","?","M","R","E","M","T","E","M","R","?","E","R","BOSS","M","?","M","M","M","E","M","E","T","M","E","$","R","M","R","BOSS","BOSS","R","$","E","BOSS"],"build_version":"2022-12-01","purchased_purges":2,"victory":true,"max_hp_per_floor":[75,75,75,75,75,75,75,75,75,75,75,75,75,75,75,75,75,75,75,75,75,75,75,75,75,75,75,75,75,75,75,75,75,75,75,75,75,75,75,75,75,75,75,75,75,75,75,75,75,75,75,75,75,75,75,75],"relic_stats":{"Girya":3,"Torii":29,"counters":[34,174],"StoneCalendar":[250],"PreservedInsect":486,"The Courier":161,"Pen Nib":[6],"Charon\u0027s Ashes":[54],"Bag of Preparation":[68],"Cursed Key":2,"Smiling Mask":40,"Burning Blood":191,"Mercury Hourglass":[109],"Centennial Puzzle":[51],"Matryoshka":2,"TheAbacus":[54],"Mummified Hand":[58],"Bronze Scales":[302],"obtain_stats":[{"Potion Belt":26,"Girya":12,"Torii":6,"Oddly Smooth Stone":26,"StoneCalendar":36,"PreservedInsect":13,"The Courier":40,"Pen Nib":43,"Charon\u0027s Ashes":55,"Bag of Preparation":0,"Cursed Key":17,"Smiling Mask":45,"Burning Blood":0,"Mercury Hourglass":42,"SlaversCollar":34,"Centennial Puzzle":14,"Anchor":43,"Matryoshka":24,"TheAbacus":46,"HornCleat":46,"Mummified Hand":27,"Bronze Scales":30,"Molten Egg 2":31},{"Potion Belt":15,"Girya":8,"Torii":6,"Oddly Smooth Stone":15,"StoneCalendar":21,"PreservedInsect":8,"The Courier":25,"Pen Nib":27,"Charon\u0027s Ashes":33,"Bag of Preparation":0,"Cursed Key":10,"Smiling Mask":29,"Burning Blood":0,"Mercury Hourglass":27,"SlaversCollar":19,"Centennial Puzzle":9,"Anchor":27,"Matryoshka":14,"TheAbacus":29,"HornCleat":29,"Mummified Hand":16,"Bronze Scales":17,"Molten Egg 2":18},{"Potion Belt":81,"Girya":40,"Torii":27,"Oddly Smooth Stone":81,"StoneCalendar":108,"PreservedInsect":40,"The Courier":130,"Pen Nib":136,"Charon\u0027s Ashes":166,"Bag of Preparation":0,"Cursed Key":61,"Smiling Mask":142,"Burning Blood":0,"Mercury Hourglass":136,"SlaversCollar":103,"Centennial Puzzle":44,"Anchor":136,"Matryoshka":79,"TheAbacus":142,"HornCleat":142,"Mummified Hand":82,"Bronze Scales":88,"Molten Egg 2":92}]},"card_choices":[{"not_picked":["Rage","Havoc"],"picked":"Twin Strike","floor":1},{"not_picked":["True Grit","Sword Boomerang","Warcry"],"picked":"SKIP","floor":2},{"not_picked":["Sword Boomerang","Dropkick"],"picked":"Shockwave","floor":3},{"not_picked":["Dark Embrace","Havoc"],"picked":"Metallicize","floor":4},{"not_picked":["Thunderclap","Combust"],"picked":"Anger","floor":5},{"not_picked":["Armaments","Shrug It Off"],"picked":"Impervious","floor":6},{"not_picked":["Rampage","Body Slam"],"picked":"Whirlwind","floor":10},{"not_picked":["Carnage","Dark Embrace"],"picked":"Iron Wave","floor":12},{"not_picked":["Thunderclap","True Grit"],"picked":"Shrug It Off","floor":14},{"not_picked":["Exhume","Barricade"],"picked":"Impervious","floor":16},{"not_picked":["True Grit","Clash","Headbutt"],"picked":"SKIP","floor":18},{"not_picked":["Headbutt","Metallicize","Havoc"],"picked":"SKIP","floor":20},{"not_picked":["Flex","Reckless Charge","Cleave"],"picked":"SKIP","floor":22},{"not_picked":["Reckless Charge","Wild Strike"],"picked":"Bloodletting","floor":24},{"not_picked":["Iron Wave+1","Dropkick"],"picked":"Pummel","floor":25},{"not_picked":["Burning Pact","Perfected Strike"],"picked":"Barricade","floor":27},{"not_picked":["Clash","Armaments"],"picked":"Second Wind","floor":28},{"not_picked":["Limit Break","Disarm"],"picked":"Battle Trance","floor":31},{"not_picked":["Exhume","Bludgeon+1"],"picked":"Fiend Fire+1","floor":33},{"not_picked":["Twin Strike+1","Uppercut+1"],"picked":"Sword Boomerang+1","floor":35},{"not_picked":["Cleave+1","Clothesline+1","Clash+1"],"picked":"SKIP","floor":36},{"not_picked":["Thunderclap+1","Infernal Blade"],"picked":"Dark Embrace+1","floor":37},{"not_picked":["True Grit","Ghostly Armor"],"picked":"Body Slam+1","floor":38},{"not_picked":["Blood for Blood+1","Armaments+1","Sentinel"],"picked":"SKIP","floor":39},{"not_picked":["Headbutt+1","Inflame"],"picked":"Disarm+1","floor":40},{"not_picked":["Intimidate+1","Limit Break"],"picked":"Battle Trance","floor":41},{"not_picked":["Iron Wave+1","Combust+1"],"picked":"Dark Embrace","floor":42},{"not_picked":["Reckless Charge+1","Sword Boomerang+1","Spot Weakness"],"picked":"SKIP","floor":44},{"not_picked":["True Grit","Armaments+1","Infernal Blade"],"picked":"SKIP","floor":45},{"not_picked":["Armaments+1","Infernal Blade"],"picked":"True Grit","floor":45},{"not_picked":["Immolate+1","Twin Strike+1"],"picked":"Shrug It Off+1","floor":48},{"not_picked":["Headbutt+1","Heavy Blade+1","Body Slam+1"],"picked":"SKIP","floor":55}],"player_experience":4769104,"relics_obtained":[{"floor":6,"key":"Torii"},{"floor":12,"key":"Girya"},{"floor":14,"key":"Centennial Puzzle"},{"floor":24,"key":"Matryoshka"},{"floor":26,"key":"Oddly Smooth Stone"},{"floor":26,"key":"Potion Belt"},{"floor":27,"key":"Mummified Hand"},{"floor":31,"key":"Molten Egg 2"},{"floor":36,"key":"StoneCalendar"},{"floor":40,"key":"The Courier"},{"floor":42,"key":"Mercury Hourglass"},{"floor":43,"key":"Pen Nib"},{"floor":43,"key":"Anchor"},{"floor":45,"key":"Smiling Mask"},{"floor":55,"key":"Charon\u0027s Ashes"}],"event_choices":[{"damage_healed":18,"gold_gain":0,"player_choice":"Healed","damage_taken":0,"max_hp_gain":0,"max_hp_loss":0,"event_name":"The Cleric","floor":8,"gold_loss":35},{"damage_healed":0,"gold_gain":0,"player_choice":"0 cards matched","damage_taken":0,"max_hp_gain":0,"max_hp_loss":0,"event_name":"Match and Keep!","floor":19,"gold_loss":0,"cards_obtained":[]},{"damage_healed":0,"gold_gain":0,"player_choice":"Simplicity","damage_taken":0,"max_hp_gain":0,"max_hp_loss":0,"event_name":"Back to Basics","floor":21,"gold_loss":0,"cards_upgraded":["Strike_R","Strike_R","Strike_R","Strike_R","Strike_R","Defend_R","Defend_R","Defend_R","Defend_R"]},{"damage_healed":0,"gold_gain":0,"player_choice":"Obtained Relic","damage_taken":0,"relics_obtained":["Bronze Scales"],"max_hp_gain":0,"max_hp_loss":0,"event_name":"Addict","floor":30,"gold_loss":85},{"damage_healed":0,"gold_gain":0,"player_choice":"Fight","damage_taken":0,"max_hp_gain":0,"max_hp_loss":0,"event_name":"Mysterious Sphere","floor":36,"gold_loss":0}],"is_beta":false,"boss_relics":[{"not_picked":["Mark of Pain","Black Blood"],"picked":"Cursed Key"},{"not_picked":["SacredBark","Sozu"],"picked":"SlaversCollar"}],"items_purged_floors":[46,54],"is_endless":false,"potions_floor_spawned":[3,5,12,16,18,22,24,31,33,39,40,41,48],"ascension_level":20,"potion_discard_per_floor":[[],[],[],[],[],[],[],[],[],[],[],[],[],[],[],[],[],[],[],[],[],[],[],[],[],[],[],[],[],[],[],[],[],[],[],[],[],[],[],["Explosive Potion"],["SteroidPotion"],[],[],[],[],[],[],[],[],[],[],[],[],[],[],[],[]]}