{"neow_bonuses_skipped_log":["THREE_CARDS","THREE_SMALL_POTIONS","BOSS_RELIC"],"potions_obtained_entropic_brew":[[],[],[],[],[],[],[],[],[],[],[],[],[],[],[],[],[],[],[],[],[],[],[],[],[],[],[],[],[],[],[],[],[],[],[],[],[],[],[],[],[],[],[],[],[],[],[],[],[],[],[],[],[],[],[],[],[]],"neow_costs_skipped_log":["NONE","NONE","NONE"],"gold_per_floor":[115,115,0,10,30,30,46,46,46,60,85,85,85,105,105,181,181,197,215,215,233,249,249,281,181,181,198,198,73,89,118,118,194,194,206,131,184,200,220,220,220,253,253,253,265,300,325,356,356,356,356,356,356,40,65,65],"floor_reached":57,"playtime":3035,"items_purged":["Pain","Strike_P","Strike_P","Strike_P"],"score":3064,"play_id":"e926b65c-12b5-4cdd-bc4f-50bca54611dd","local_time":"20240211193036","score_breakdown":["Floors Climbed (57): 285","Enemies Slain (16): 32","Exordium Elites Killed (1): 10","City Elites Killed (2): 40","Beyond Elites Killed (3): 90","Bosses Slain (5): 750","Speedster: 25","Well Fed: 25","Champion (4): 100","Perfect (1): 50","C-c-c-combo: 25","Ascension (20): 1382","Heartbreaker: 250"],"is_ascension_mode":true,"potions_obtained_alchemize":[[],[],[],[],[],[],[],[],[],[],[],[],[],[],[],[],[],[],[],[],[],[],[],[],[],[],[],[],[],[],[],[],[],[],[],[],[],[],[],[],[],[],[],[],[],[],[],[],[],[],[],[],[],[],[],[],[]],"campfire_choices":[{"data":"Eruption","floor":6,"key":"SMITH"},{"floor":8,"key":"REST"},{"data":"1","floor":12,"key":"LIFT"},{"data":"MentalFortress","floor":15,"key":"SMITH"},{"data":"2","floor":23,"key":"LIFT"},{"data":"3","floor":28,"key":"LIFT"},{"floor":32,"key":"REST"},{"floor":40,"key":"RECALL"},{"data":"Defend_P","floor":44,"key":"PURGE"},{"data":"Defend_P","floor":49,"key":"PURGE"},{"data":"Strike_P","floor":53,"key":"PURGE"}],"lesson_learned_per_floor":[[],[],[],[],[],[],[],[],[],[],[],[],[],[],[],[],[],[],[],[],[],[],[],[],[],[],[],[],[],[],[],[],[],[],[],[],[],[],[],[],[],[],[],[],[],[],[],[],[],[],[],[],[],[],[],[],[]],"neow_cost":"CURSE","improvable_cards":{},"seed_source_timestamp":18064537889032,"shop_contents":[{"floor":3,"relics":["Bag of Preparation","Pen Nib","HandDrill"],"cards":["BowlingBash","Meditate","Crescendo","Devotion","Panacea","Thinking Ahead"],"potions":["Fruit Juice","BlessingOfTheForge","DistilledChaos"]},{"floor":25,"relics":["Turnip","HornCleat","Sling"],"cards":["FlurryOfBlows","SandsOfTime","EmptyBody","PathToVictory","LikeWater","Forethought","Mayhem"],"potions":["Fire Potion","FearPotion","CultistPotion"]},{"floor":29,"relics":["Bottled Tornado","Ancient Tea Set","Lee\u0027s Waffle"],"cards":["CrushJoints","FollowUp","Protect","DeusExMachina","Study","Dark Shackles","Mayhem"],"potions":["SneckoOil","SpeedPotion","Dexterity Potion"]},{"floor":36,"relics":["GoldenEye","Potion Belt","Toolbox"],"cards":["SignatureMove","CutThroughFate","PathToVictory","LikeWater","Blind","The Bomb"],"potions":["Dexterity Potion","SpeedPotion","FairyPotion"]},{"floor":54,"relics":["Blue Candle","Letter Opener"],"cards":["CutThroughFate","WindmillStrike","Pray","Evaluate","MentalFortress","Deep Breath","Sadistic Nature"],"potions":["Explosive Potion","Fire Potion","SmokeBomb"]}],"circlet_count":0,"master_deck":["AscendersBane","Eruption+1","Vigilance","Pray","SandsOfTime","ThirdEye","Tantrum","MentalFortress+1","Scrawl","Halt+1","FlurryOfBlows","ClearTheMind","InnerPeace","InnerPeace+1","Pray+1","EmptyMind+1"],"potion_use_per_floor":[[],[],[],[],[],[],["SpeedPotion"],[],[],[],[],[],[],[],[],[],[],[],[],[],[],[],[],[],[],[],[],[],[],[],["BottledMiracle","FairyPotion"],[],[],[],[],[],[],[],[],[],[],[],[],[],[],[],[],[],[],[],[],[],[],[],[],["GamblersBrew"],[]],"relics":["HolyWater","Thread and Needle","Girya","Runic Pyramid","Boot","Mercury Hourglass","Pear","CaptainsWheel","Peace Pipe","Anchor","Yang","Prayer Wheel","Oddly Smooth Stone","OrangePellets","Du-Vu Doll"],"potions_floor_usage":[7,31,56],"damage_taken":[{"damage":20,"enemies":"Small Slimes","floor":1,"turns":4},{"damage":6,"enemies":"2 Louse","floor":4,"turns":2},{"damage":0,"enemies":"Jaw Worm","floor":5,"turns":3},{"damage":15,"enemies":"Gremlin Gang","floor":7,"turns":4},{"damage":8,"enemies":"Exordium Wildlife","floor":10,"turns":3},{"damage":0,"enemies":"Lagavulin","floor":11,"turns":3},{"damage":0,"enemies":"3 Louse","floor":14,"turns":2},{"damage":8,"enemies":"The Guardian","floor":16,"turns":10},{"damage":5,"enemies":"Shell Parasite","floor":18,"turns":4},{"damage":0,"enemies":"Spheric Guardian","floor":19,"turns":4},{"damage":0,"enemies":"Centurion and Healer","floor":21,"turns":5},{"damage":13,"enemies":"Snecko","floor":22,"turns":5},{"damage":24,"enemies":"Book of Stabbing","floor":24,"turns":5},{"damage":16,"enemies":"Shelled Parasite and Fungi","floor":27,"turns":3},{"damage":11,"enemies":"Centurion and Healer","floor":30,"turns":2},{"damage":37,"enemies":"Slavers","floor":31,"turns":5},{"damage":0,"enemies":"Automaton","floor":33,"turns":7},{"damage":0,"enemies":"3 Shapes","floor":35,"turns":4},{"damage":34,"enemies":"2 Orb Walkers","floor":37,"turns":4},{"damage":0,"enemies":"Orb Walker","floor":38,"turns":2},{"damage":0,"enemies":"4 Shapes","floor":39,"turns":4},{"damage":2,"enemies":"Nemesis","floor":42,"turns":5},{"damage":0,"enemies":"Maw","floor":45,"turns":4},{"damage":0,"enemies":"Giant Head","floor":46,"turns":5},{"damage":0,"enemies":"Mind Bloom Boss Battle","floor":47,"turns":3},{"damage":0,"enemies":"Reptomancer","floor":48,"turns":6},{"damage":12,"enemies":"Awakened One","floor":50,"turns":7},{"damage":1,"enemies":"Donu and Deca","floor":51,"turns":6},{"damage":0,"enemies":"Shield and Spear","floor":55,"turns":3},{"damage":35,"enemies":"The Heart","floor":56,"turns":9}],"green_key_taken_log":31,"seed_played":"1828664643376246652","neow_bonus_log":{"cardsObtained":["Pain","Pray","Devotion"],"cardsUpgraded":[],"cardsRemoved":[],"cardsTransformed":["Defend_P","Defend_P"],"relicsObtained":[],"maxHpGained":0,"goldGained":0,"damageTaken":0,"goldLost":0,"maxHpLost":0},"potions_obtained":[{"floor":5,"key":"SpeedPotion"},{"floor":7,"key":"BottledMiracle"},{"floor":10,"key":"Ancient Potion"},{"floor":11,"key":"FairyPotion"},{"floor":33,"key":"SneckoOil"},{"floor":39,"key":"BottledMiracle"},{"floor":45,"key":"GamblersBrew"}],"is_trial":false,"path_per_floor":["M","?","$","M","M","R","M","R","T","M","E","R","?","M","R","B",null,"M","M","?","M","M","R","E","$","T","M","R","$","M","E","R","B",null,"M","$","?","M","M","R","?","E","T","R","M","E","?","E","R","B","B",null,"R","$","E","B",null],"character_chosen":"WATCHER","basemod:card_modifiers":[null,null,null,null,null,null,null,null,null,null,null,null,null,null,null,null],"items_purchased":["SandsOfTime","InnerPeace","OrangePellets"],"campfire_rested":2,"item_purchase_floors":[3,36,54],"current_hp_per_floor":[41,41,41,35,35,35,20,40,40,32,32,32,78,78,78,70,76,71,71,71,71,58,58,34,34,34,18,18,18,7,17,43,43,77,77,77,43,43,43,43,43,41,41,41,41,41,41,41,41,29,28,73,73,73,73,38],"gold":65,"neow_bonus":"TRANSFORM_TWO_CARDS","is_prod":false,"is_daily":false,"rewards_skipped":[{"floor":21,"relics":[],"potions":["BottledMiracle"]},{"floor":24,"relics":[],"potions":["Ancient Potion"]},{"floor":30,"relics":[],"potions":["Ancient Potion"]},{"floor":46,"relics":[],"potions":["DistilledChaos"]},{"floor":55,"relics":[],"potions":["SmokeBomb"]}],"chose_seed":false,"campfire_upgraded":2,"win_rate":0,"floor_exit_playtime":[71,75,84,111,146,156,229,234,253,278,325,332,339,376,385,497,516,565,610,616,673,766,772,855,867,872,933,940,957,990,1220,1229,1396,1411,1491,1500,1575,1600,1666,1672,1693,1763,1767,1779,1844,1970,2027,2140,2150,2344,2495,2506,2515,2532,2672,3035],"timestamp":1707697836,"blue_key_relic_skipped_log":{"floor":43,"relicID":"Sundial"},"path_taken":["M","?","$","?","M","R","M","R","T","M","E","R","?","M","R","BOSS","M","M","?","M","M","R","E","$","T","M","R","$","M","E","R","BOSS","M","$","?","M","M","R","?","E","T","R","M","E","?","E","R","BOSS","BOSS","R","$","E","BOSS"],"build_version":"2022-12-18","purchased_purges":4,"victory":true,"max_hp_per_floor":[68,68,68,68,68,68,68,68,68,68,68,68,78,78,78,78,78,78,78,78,78,78,78,78,78,78,78,78,78,78,88,88,88,88,88,88,88,88,88,88,88,88,88,88,88,88,88,88,88,88,88,88,88,88,88,88],"relic_stats":{"Peace Pipe":3,"Girya":3,"OrangePellets":[5],"counters":[30,132],"HolyWater":[39],"Yang":[155],"Prayer Wheel":0,"Boot":[24],"obtain_stats":[{"Girya":11,"Pear":31,"Oddly Smooth Stone":48,"Thread and Needle":9,"Yang":46,"Boot":24,"Mercury Hourglass":26,"Peace Pipe":41,"Du-Vu Doll":55,"OrangePellets":54,"CaptainsWheel":37,"Anchor":42,"HolyWater":34,"Prayer Wheel":47,"PureWater":0,"Runic Pyramid":17},{"Girya":6,"Pear":16,"Oddly Smooth Stone":26,"Thread and Needle":4,"Yang":24,"Boot":13,"Mercury Hourglass":13,"Peace Pipe":21,"Du-Vu Doll":29,"OrangePellets":28,"CaptainsWheel":19,"Anchor":22,"HolyWater":17,"Prayer Wheel":25,"PureWater":0,"Runic Pyramid":8},{"Girya":19,"Pear":64,"Oddly Smooth Stone":107,"Thread and Needle":13,"Yang":98,"Boot":54,"Mercury Hourglass":54,"Peace Pipe":84,"Du-Vu Doll":123,"OrangePellets":120,"CaptainsWheel":79,"Anchor":89,"HolyWater":71,"Prayer Wheel":101,"PureWater":0,"Runic Pyramid":31}],"Mercury Hourglass":[341]},"card_choices":[{"not_picked":["EmptyBody","PathToVictory","Vengeance"],"picked":"SKIP","floor":1},{"not_picked":["Weave","Collect"],"picked":"ThirdEye","floor":4},{"not_picked":["CarveReality","CutThroughFate"],"picked":"Tantrum","floor":7},{"not_picked":["JustLucky","Vengeance","ThirdEye"],"picked":"SKIP","floor":10},{"not_picked":["Wireheading","EmptyBody"],"picked":"MentalFortress","floor":11},{"not_picked":["Brilliance","Judgement"],"picked":"Scrawl","floor":16},{"not_picked":["Vengeance+1","Evaluate","PathToVictory"],"picked":"SKIP","floor":18},{"not_picked":["SandsOfTime","FollowUp"],"picked":"Halt+1","floor":19},{"not_picked":["SashWhip","EmptyFist","Wireheading"],"picked":"SKIP","floor":21},{"not_picked":["Weave","Swivel"],"picked":"FlurryOfBlows","floor":22},{"not_picked":["Wallop","Consecrate","WreathOfFlame"],"picked":"SKIP","floor":24},{"not_picked":["Wireheading","FlurryOfBlows"],"picked":"ClearTheMind","floor":27},{"not_picked":["Nirvana","FlurryOfBlows","ClearTheMind"],"picked":"SKIP","floor":30},{"not_picked":["Nirvana","FlurryOfBlows","PathToVictory"],"picked":"SKIP","floor":31},{"not_picked":["DevaForm","Omniscience","Brilliance"],"picked":"SKIP","floor":33},{"not_picked":["CrushJoints","FollowUp","DeceiveReality+1"],"picked":"SKIP","floor":35},{"not_picked":["Consecrate","Evaluate"],"picked":"InnerPeace+1","floor":37},{"not_picked":["PathToVictory","BowlingBash+1","SandsOfTime"],"picked":"SKIP","floor":38},{"not_picked":["ThirdEye+1","EmptyFist","Swivel"],"picked":"SKIP","floor":39},{"not_picked":["BowlingBash+1","ThirdEye","FollowUp"],"picked":"SKIP","floor":42},{"not_picked":["JustLucky+1","FlyingSleeves","Wish"],"picked":"SKIP","floor":45},{"not_picked":["SashWhip","Prostrate"],"picked":"Pray+1","floor":46},{"not_picked":["Vengeance","Prostrate","Evaluate+1"],"picked":"SKIP","floor":47},{"not_picked":["Conclude","SashWhip","Protect"],"picked":"SKIP","floor":48},{"not_picked":["Conclude","SashWhip","Protect"],"picked":"SKIP","floor":48},{"not_picked":["PathToVictory","SpiritShield"],"picked":"EmptyMind+1","floor":55}],"player_experience":6010359,"relics_obtained":[{"floor":9,"key":"Thread and Needle"},{"floor":11,"key":"Girya"},{"floor":24,"key":"Boot"},{"floor":26,"key":"Mercury Hourglass"},{"floor":31,"key":"Pear"},{"floor":37,"key":"CaptainsWheel"},{"floor":41,"key":"Peace Pipe"},{"floor":42,"key":"Anchor"},{"floor":46,"key":"Yang"},{"floor":47,"key":"Prayer Wheel"},{"floor":48,"key":"Oddly Smooth Stone"},{"floor":55,"key":"Du-Vu Doll"}],"event_choices":[{"damage_healed":0,"gold_gain":0,"player_choice":"Fled","damage_taken":0,"max_hp_gain":0,"max_hp_loss":0,"event_name":"Scrap Ooze","floor":2,"gold_loss":0},{"cards_removed":["Devotion"],"damage_healed":36,"gold_gain":0,"player_choice":"Offered Rare","damage_taken":0,"max_hp_gain":10,"max_hp_loss":0,"event_name":"Bonfire Elementals","floor":13,"gold_loss":0},{"damage_healed":0,"gold_gain":0,"player_choice":"Ignored","damage_taken":0,"max_hp_gain":0,"max_hp_loss":0,"event_name":"N\u0027loth","floor":20,"gold_loss":0},{"damage_healed":0,"gold_gain":0,"player_choice":"Fight","damage_taken":0,"max_hp_gain":0,"max_hp_loss":0,"event_name":"Mysterious Sphere","floor":37,"gold_loss":0},{"damage_healed":0,"gold_gain":0,"player_choice":"Relic","damage_taken":0,"max_hp_gain":0,"max_hp_loss":0,"event_name":"Wheel of Change","floor":41,"gold_loss":0},{"damage_healed":0,"gold_gain":0,"player_choice":"Fight","damage_taken":0,"max_hp_gain":0,"max_hp_loss":0,"event_name":"MindBloom","floor":47,"gold_loss":0}],"is_beta":false,"boss_relics":[{"not_picked":["SacredBark","Astrolabe"],"picked":"Runic Pyramid"},{"not_picked":["Sozu","Cursed Key"],"picked":"HolyWater"}],"items_purged_floors":[3,25,29,54],"is_endless":false,"potions_floor_spawned":[5,7,10,11,21,24,30,33,39,45,46,55],"ascension_level":20,"potion_discard_per_floor":[[],[],[],[],[],[],[],[],[],[],["Ancient Potion"],[],[],[],[],[],[],[],[],[],[],[],[],[],[],[],[],[],[],[],[],[],[],[],[],[],[],[],[],[],[],[],[],[],["SneckoOil"],[],[],[],[],[],[],[],[],[],[],[],[]]}