{"neow_bonuses_skipped_log":["THREE_ENEMY_KILL","RANDOM_COLORLESS_2","BOSS_RELIC"],"potions_obtained_entropic_brew":[[],[],[],[],[],[],[],[],[],[],[],[],[],[],[],[],[],[],[],[],[],[],[],[],[],[],[],[],[],[],[],[],[],[],[],[],[],[],[],[],[],[],[],[],[],[],[],[],[],[],[],[],[],[],[],[]],"neow_costs_skipped_log":["NONE","NO_GOLD","NONE"],"gold_per_floor":[118,137,147,157,168,201,232,274,312,356,368,421,114,156,156,244,244,273,291,206,217,117,142,142,151,151,151,192,192,227,255,255,338,365,384,384,13,39,59,59,71,108,108,108,135,175,175,195,195,195,195,195,195,44,88,88],"floor_reached":56,"playtime":5040,"items_purged":["Zap","Strike_B","Reprogram+1"],"score":2239,"play_id":"67d247e5-9543-4a6d-bbed-083fab89cfc4","local_time":"20240210022018","score_breakdown":["Floors Climbed (56): 280","Enemies Slain (16): 32","Exordium Elites Killed (5): 50","City Elites Killed (3): 60","Beyond Elites Killed (2): 60","Bosses Slain (4): 500","Money Money (1180): 25","Librarian: 25","Well Fed: 25","Champion (3): 75","Overkill: 25","Ascension (20): 1082"],"is_ascension_mode":true,"potions_obtained_alchemize":[[],[],[],[],[],[],[],[],[],[],[],[],[],[],[],[],[],[],[],[],[],[],[],[],[],[],[],[],[],[],[],[],[],[],[],[],[],[],[],[],[],[],[],[],[],[],[],[],[],[],[],[],[],[],[],[]],"campfire_choices":[{"floor":11,"key":"REST"},{"data":"Defragment","floor":15,"key":"SMITH"},{"data":"Sunder","floor":24,"key":"SMITH"},{"data":"Loop","floor":29,"key":"SMITH"},{"data":"Capacitor","floor":32,"key":"SMITH"},{"data":"Defragment","floor":40,"key":"SMITH"},{"floor":44,"key":"RECALL"},{"data":"Coolheaded","floor":47,"key":"SMITH"},{"data":"Hologram","floor":49,"key":"SMITH"},{"data":"Hologram","floor":53,"key":"SMITH"}],"lesson_learned_per_floor":[[],[],[],[],[],[],[],[],[],[],[],[],[],[],[],[],[],[],[],[],[],[],[],[],[],[],[],[],[],[],[],[],[],[],[],[],[],[],[],[],[],[],[],[],[],[],[],[],[],[],[],[],[],[],[],[]],"neow_cost":"NONE","improvable_cards":{},"seed_source_timestamp":32248700878925,"shop_contents":[{"floor":13,"relics":["Whetstone","Cauldron"],"cards":["Scrape","Gash","Conserve Battery","Hologram","Good Instincts","HandOfGreed"],"potions":["Dexterity Potion","FocusPotion","PowerPotion"]},{"floor":22,"relics":["Torii","Bronze Scales","DollysMirror"],"cards":["Compile Driver","Rebound","Chaos","Amplify","Storm","PanicButton","Mayhem"],"potions":["Explosive Potion","Strength Potion","LiquidMemories"]},{"floor":37,"relics":["Pear","Dream Catcher"],"cards":["Melter","Scrape","Undo","Flash of Steel","Panache"],"potions":["PowerPotion","AttackPotion","FearPotion"]},{"floor":54,"relics":["Mango","Centennial Puzzle"],"cards":["Gash","Melter","Hologram","Stack","Defragment","Swift Strike","Secret Weapon"],"potions":["SneckoOil","BlessingOfTheForge","Explosive Potion"]}],"circlet_count":0,"master_deck":["AscendersBane","Defend_B","Defend_B","Defend_B","Defend_B","Dualcast","Flash of Steel","Self Repair","Sweeping Beam","Beam Cell","Self Repair","Glacier","Undo","Sunder+1","Doom and Gloom","Cold Snap","Defragment+1","Loop+1","Electrodynamics","Force Field+1","Capacitor+1","Coolheaded+1","Hologram+1","Buffer+1","Rebound+1","Rebound+1","Defragment+1","Hologram+1","Fusion+1","Cold Snap","Amplify","Conserve Battery+1","Redo","Coolheaded","Rainbow","Aggregate"],"potion_use_per_floor":[[],[],[],["LiquidBronze"],[],["SkillPotion"],["Fruit Juice"],["Fire Potion"],[],["Block Potion"],[],[],[],[],[],["LiquidBronze"],[],["Block Potion"],[],[],[],[],[],[],[],[],[],[],[],["Explosive Potion"],[],[],[],[],[],[],[],[],[],[],[],[],[],[],[],[],[],[],[],[],[],[],[],[],["DuplicationPotion"],["DuplicationPotion"]],"relics":["Cracked Core","MawBank","Singing Bowl","Regal Pillow","PreservedInsect","CeramicFish","Lantern","Akabeko","Snecko Eye","DataDisk","Question Card","Bird Faced Urn","FossilizedHelix","Pen Nib","Astrolabe","OrangePellets","Ancient Tea Set","Blue Candle","Orrery","Vajra"],"potions_floor_usage":[4,6,7,8,10,16,18,30,55,56],"damage_taken":[{"damage":0,"enemies":"Cultist","floor":1,"turns":4},{"damage":0,"enemies":"2 Louse","floor":2,"turns":2},{"damage":1,"enemies":"Small Slimes","floor":3,"turns":4},{"damage":19,"enemies":"Gremlin Gang","floor":4,"turns":4},{"damage":7,"enemies":"Looter","floor":5,"turns":3},{"damage":27,"enemies":"3 Sentries","floor":6,"turns":11},{"damage":24,"enemies":"Lots of Slimes","floor":7,"turns":5},{"damage":25,"enemies":"Lagavulin","floor":8,"turns":13},{"damage":17,"enemies":"3 Sentries","floor":10,"turns":11},{"damage":24,"enemies":"Gremlin Nob","floor":12,"turns":4},{"damage":9,"enemies":"Lagavulin","floor":14,"turns":7},{"damage":34,"enemies":"Slime Boss","floor":16,"turns":15},{"damage":11,"enemies":"3 Byrds","floor":18,"turns":4},{"damage":2,"enemies":"2 Thieves","floor":19,"turns":5},{"damage":14,"enemies":"Centurion and Healer","floor":21,"turns":5},{"damage":0,"enemies":"Gremlin Leader","floor":23,"turns":5},{"damage":31,"enemies":"Book of Stabbing","floor":28,"turns":4},{"damage":0,"enemies":"Gremlin Leader","floor":30,"turns":6},{"damage":39,"enemies":"Shelled Parasite and Fungi","floor":31,"turns":4},{"damage":5,"enemies":"Collector","floor":33,"turns":18},{"damage":0,"enemies":"Orb Walker","floor":35,"turns":3},{"damage":0,"enemies":"3 Shapes","floor":38,"turns":6},{"damage":0,"enemies":"Transient","floor":39,"turns":6},{"damage":0,"enemies":"Spire Growth","floor":41,"turns":9},{"damage":0,"enemies":"Nemesis","floor":42,"turns":3},{"damage":0,"enemies":"3 Darklings","floor":45,"turns":11},{"damage":3,"enemies":"Giant Head","floor":46,"turns":16},{"damage":0,"enemies":"Transient","floor":48,"turns":6},{"damage":18,"enemies":"Awakened One","floor":50,"turns":39},{"damage":30,"enemies":"Time Eater","floor":51,"turns":36},{"damage":20,"enemies":"Shield and Spear","floor":55,"turns":10},{"damage":117,"enemies":"The Heart","floor":56,"turns":15}],"green_key_taken_log":28,"seed_played":"1539585366498944901","neow_bonus_log":{"cardsObtained":[],"cardsUpgraded":[],"cardsRemoved":[],"cardsTransformed":[],"relicsObtained":[],"maxHpGained":0,"goldGained":0,"damageTaken":0,"goldLost":0,"maxHpLost":0},"potions_obtained":[{"floor":2,"key":"LiquidBronze"},{"floor":4,"key":"Fire Potion"},{"floor":5,"key":"SkillPotion"},{"floor":6,"key":"Fruit Juice"},{"floor":7,"key":"Block Potion"},{"floor":12,"key":"LiquidBronze"},{"floor":16,"key":"Block Potion"},{"floor":19,"key":"Explosive Potion"},{"floor":23,"key":"LiquidBronze"},{"floor":30,"key":"SteroidPotion"},{"floor":35,"key":"Weak Potion"},{"floor":38,"key":"Ancient Potion"},{"floor":39,"key":"DuplicationPotion"},{"floor":45,"key":"DuplicationPotion"}],"is_trial":false,"path_per_floor":["M","M","M","M","M","E","M","E","T","E","R","E","$","E","R","B",null,"M","M","?","M","$","E","R","?","T","?","E","R","E","M","R","B",null,"M","?","$","M","M","R","M","E","T","R","M","E","R","M","R","B","B",null,"R","$","E","B"],"character_chosen":"DEFECT","basemod:card_modifiers":[null,null,null,null,null,null,null,null,null,null,null,null,null,null,null,null,null,null,null,null,null,null,null,null,null,null,null,null,null,null,null,null,null,null,null,null],"items_purchased":["Defragment","Lantern","Defragment","OrangePellets","Hologram","Orrery"],"campfire_rested":1,"item_purchase_floors":[13,13,37,37,37,54],"current_hp_per_floor":[64,71,71,59,66,53,48,37,37,34,71,54,54,59,59,39,67,70,70,70,72,72,82,82,82,82,82,62,62,81,65,65,84,84,86,86,86,86,86,86,88,88,88,88,88,88,88,90,90,90,90,90,90,96,96,0],"gold":88,"neow_bonus":"RANDOM_COLORLESS","is_prod":false,"is_daily":false,"rewards_skipped":[{"floor":31,"relics":[],"potions":["LiquidBronze"]},{"floor":46,"relics":[],"potions":["BlessingOfTheForge"]}],"chose_seed":false,"campfire_upgraded":8,"win_rate":0,"floor_exit_playtime":[107,137,173,253,274,463,530,713,731,869,880,935,955,1015,1034,1217,1244,1315,1394,1399,1449,1507,1570,1586,1602,1605,1611,1668,1681,1779,1865,1979,2280,2364,2475,2481,2536,2614,2734,2742,2866,2920,2925,2934,3093,3271,3283,3384,3393,3860,4267,4278,4288,4370,4590],"timestamp":1707549618,"blue_key_relic_skipped_log":{"floor":43,"relicID":"Lizard Tail"},"path_taken":["M","M","?","M","?","E","M","E","T","E","R","E","$","E","R","BOSS","M","M","?","M","$","E","R","?","T","?","E","R","E","M","R","BOSS","M","?","$","M","M","R","M","E","T","R","M","E","R","M","R","BOSS","BOSS","R","$","E","BOSS"],"build_version":"2022-12-18","purchased_purges":3,"victory":false,"max_hp_per_floor":[71,71,71,71,71,71,76,76,76,76,76,76,76,76,76,76,76,76,78,78,80,80,82,82,82,82,82,82,82,84,84,84,84,84,86,86,86,86,86,86,88,88,88,88,88,88,88,90,90,90,90,90,90,96,96,96],"relic_stats":{"Regal Pillow":15,"Singing Bowl":20,"counters":[32,294],"CeramicFish":198,"Astrolabe":["Rebound","Rebound","Reprogram"],"Blue Candle":[0],"PreservedInsect":456,"Pen Nib":[18],"MawBank":84,"Question Card":18,"Ancient Tea Set":[8],"OrangePellets":[19],"Bird Faced Urn":[84],"Snecko Eye":[147,113,132,138,-132],"obtain_stats":[{"Regal Pillow":9,"Lantern":13,"Singing Bowl":8,"CeramicFish":12,"Astrolabe":34,"Blue Candle":46,"Vajra":55,"PreservedInsect":10,"Pen Nib":30,"MawBank":6,"Question Card":23,"Ancient Tea Set":42,"Akabeko":14,"OrangePellets":37,"DataDisk":20,"Bird Faced Urn":26,"Snecko Eye":17,"Orrery":54,"Cracked Core":0,"FossilizedHelix":28},{"Regal Pillow":8,"Lantern":10,"Singing Bowl":8,"CeramicFish":10,"Astrolabe":20,"Blue Candle":27,"Vajra":31,"PreservedInsect":9,"Pen Nib":18,"MawBank":6,"Question Card":16,"Ancient Tea Set":25,"Akabeko":11,"OrangePellets":21,"DataDisk":14,"Bird Faced Urn":16,"Snecko Eye":12,"Orrery":30,"Cracked Core":0,"FossilizedHelix":17},{"Regal Pillow":46,"Lantern":61,"Singing Bowl":46,"CeramicFish":61,"Astrolabe":134,"Blue Candle":188,"Vajra":279,"PreservedInsect":57,"Pen Nib":112,"MawBank":28,"Question Card":102,"Ancient Tea Set":161,"Akabeko":68,"OrangePellets":137,"DataDisk":92,"Bird Faced Urn":102,"Snecko Eye":83,"Orrery":269,"Cracked Core":0,"FossilizedHelix":106}],"FossilizedHelix":[150]},"card_choices":[{"not_picked":["Finesse","Forethought"],"picked":"Flash of Steel","floor":0},{"not_picked":["Go for the Eyes","FTL"],"picked":"Self Repair","floor":1},{"not_picked":["Stack","Go for the Eyes"],"picked":"Sweeping Beam","floor":2},{"not_picked":["Chaos","Hologram"],"picked":"Beam Cell","floor":3},{"not_picked":["Hologram","Machine Learning"],"picked":"Self Repair","floor":4},{"not_picked":["Streamline","Coolheaded"],"picked":"Glacier","floor":5},{"not_picked":["Tempest","Beam Cell"],"picked":"Undo","floor":6},{"not_picked":["Gash","Chaos","Stack"],"picked":"SKIP","floor":7},{"not_picked":["Rip and Tear","Capacitor"],"picked":"Sunder","floor":8},{"not_picked":["Storm","Rebound"],"picked":"Doom and Gloom","floor":10},{"not_picked":["Sweeping Beam","Leap"],"picked":"Cold Snap","floor":12},{"not_picked":["Redo","Lockon"],"picked":"Loop","floor":14},{"not_picked":["Meteor Strike","Creative AI"],"picked":"Electrodynamics","floor":16},{"not_picked":["Reinforced Body","Redo"],"picked":"Force Field+1","floor":18},{"not_picked":["Beam Cell","Darkness","Reprogram"],"picked":"Singing Bowl","floor":19},{"not_picked":["Rebound+1","Sweeping Beam","Conserve Battery"],"picked":"Singing Bowl","floor":21},{"not_picked":["Gash","Stack","Blizzard"],"picked":"Singing Bowl","floor":23},{"not_picked":["Rebound","Gash","Defragment","Cold Snap","Sweeping Beam","Multi-Cast","Beam Cell","Thunder Strike","Conserve Battery","Compile Driver","Streamline","Redo","Go for the Eyes","Skim","Coolheaded","Auto Shields","Machine Learning","Hello World","Barrage"],"picked":"Capacitor","floor":25},{"not_picked":["Conserve Battery","Stack","Leap"],"picked":"Coolheaded","floor":28},{"not_picked":["Electrodynamics","Hello World","Barrage","Conserve Battery"],"picked":"Singing Bowl","floor":30},{"not_picked":["Aggregate","Darkness","Turbo"],"picked":"Hologram","floor":31},{"not_picked":["Hyperbeam","Core Surge","Multi-Cast"],"picked":"Buffer","floor":33},{"not_picked":["Turbo","Genetic Algorithm","Sweeping Beam","Steam"],"picked":"Singing Bowl","floor":35},{"not_picked":["Lockon","Gash","Rebound"],"picked":"Fusion+1","floor":38},{"not_picked":["Compile Driver","Ball Lightning","Barrage+1"],"picked":"Cold Snap","floor":39},{"not_picked":["Cold Snap","Lockon","Rebound+1","Gash+1"],"picked":"Singing Bowl","floor":41},{"not_picked":["Reinforced Body","Cold Snap","Rebound"],"picked":"Amplify","floor":42},{"not_picked":["Leap","Barrage","Turbo"],"picked":"Conserve Battery+1","floor":45},{"not_picked":["Steam","Electrodynamics","Recycle"],"picked":"Redo","floor":46},{"not_picked":["Steam","Turbo","Self Repair","Cold Snap"],"picked":"Singing Bowl","floor":48},{"not_picked":["Tempest","Hello World","Ball Lightning","Barrage"],"picked":"Singing Bowl","floor":54},{"not_picked":["Tempest+1","Redo","Gash+1"],"picked":"Coolheaded","floor":54},{"not_picked":["FTL","Buffer","Reprogram"],"picked":"Rainbow","floor":54},{"not_picked":["Leap","Hologram","Gash","Go for the Eyes"],"picked":"Singing Bowl","floor":54},{"not_picked":["Blizzard","Reinforced Body","Static Discharge","Beam Cell+1"],"picked":"Singing Bowl","floor":54},{"not_picked":["Rainbow","Steam","Conserve Battery+1"],"picked":"Aggregate","floor":55}],"player_experience":5965671,"relics_obtained":[{"floor":6,"key":"MawBank"},{"floor":8,"key":"Singing Bowl"},{"floor":9,"key":"Regal Pillow"},{"floor":10,"key":"PreservedInsect"},{"floor":12,"key":"CeramicFish"},{"floor":14,"key":"Akabeko"},{"floor":23,"key":"Question Card"},{"floor":26,"key":"Bird Faced Urn"},{"floor":28,"key":"FossilizedHelix"},{"floor":30,"key":"Pen Nib"},{"floor":42,"key":"Ancient Tea Set"},{"floor":46,"key":"Blue Candle"},{"floor":55,"key":"Vajra"}],"event_choices":[{"damage_healed":0,"gold_gain":0,"player_choice":"Obtained Relic","damage_taken":0,"relics_obtained":["DataDisk"],"max_hp_gain":0,"max_hp_loss":0,"event_name":"Addict","floor":20,"gold_loss":85},{"damage_healed":0,"gold_gain":0,"player_choice":"Read","damage_taken":0,"max_hp_gain":0,"max_hp_loss":0,"event_name":"The Library","floor":25,"gold_loss":0,"cards_obtained":["Capacitor"]},{"damage_healed":0,"gold_gain":0,"player_choice":"Ignored","damage_taken":0,"max_hp_gain":0,"max_hp_loss":0,"event_name":"The Mausoleum","floor":27,"gold_loss":0},{"damage_healed":0,"gold_gain":0,"player_choice":"Upgraded","damage_taken":0,"max_hp_gain":0,"max_hp_loss":0,"event_name":"Upgrade Shrine","floor":36,"gold_loss":0,"cards_upgraded":["Buffer"]}],"is_beta":false,"boss_relics":[{"not_picked":["Inserter","Coffee Dripper"],"picked":"Snecko Eye"},{"not_picked":["Runic Pyramid","Black Star"],"picked":"Astrolabe"}],"items_purged_floors":[13,22,37],"is_endless":false,"potions_floor_spawned":[2,4,5,6,7,12,16,19,23,30,31,35,38,39,45,46],"killed_by":"The Heart","ascension_level":20,"potion_discard_per_floor":[[],[],[],[],[],[],[],[],[],[],[],[],[],[],[],[],[],[],[],[],[],[],[],[],[],[],[],[],[],[],[],[],[],[],["LiquidBronze"],[],[],["SteroidPotion"],["Ancient Potion"],[],[],[],[],[],["Weak Potion"],[],[],[],[],[],[],[],[],[],[],[]]}