{"neow_bonuses_skipped_log":["THREE_CARDS","THREE_SMALL_POTIONS","BOSS_RELIC"],"potions_obtained_entropic_brew":[[],[],[],[],[],[],[],[],[],[],[],[],[],[],[],[],[],[],[],[],[],[],[],[],[],[],[],[],[],[],[],[],[]],"neow_costs_skipped_log":["NONE","NONE","NONE"],"gold_per_floor":[112,130,142,52,52,52,78,78,105,105,132,132,132,163,163,237,237,250,269,269,269,25,25,38,38,118,135,153,187,187,212,212,212],"floor_reached":33,"playtime":1550,"items_purged":["Strike_R"],"score":727,"play_id":"014d55dd-585a-476d-89b1-66f3a83f080e","local_time":"20240209235145","score_breakdown":["Floors Climbed (33): 165","Enemies Slain (8): 16","Exordium Elites Killed (3): 30","City Elites Killed (2): 40","Bosses Slain (1): 50","Well Fed: 25","Perfect (1): 50","Ascension (20): 351"],"is_ascension_mode":true,"potions_obtained_alchemize":[[],[],[],[],[],[],[],[],[],[],[],[],[],[],[],[],[],[],[],[],[],[],[],[],[],[],[],[],[],[],[],[],[]],"campfire_choices":[{"floor":6,"key":"REST"},{"data":"Fiend Fire","floor":8,"key":"SMITH"},{"floor":10,"key":"REST"},{"floor":13,"key":"REST"},{"data":"Pommel Strike","floor":15,"key":"SMITH"},{"floor":23,"key":"REST"},{"floor":25,"key":"REST"},{"floor":30,"key":"REST"},{"floor":32,"key":"REST"}],"lesson_learned_per_floor":[[],[],[],[],[],[],[],[],[],[],[],[],[],[],[],[],[],[],[],[],[],[],[],[],[],[],[],[],[],[],[],[],[]],"neow_cost":"PERCENT_DAMAGE","improvable_cards":{},"seed_source_timestamp":26869857188872,"shop_contents":[{"floor":4,"relics":["Champion Belt","Frozen Egg 2","Membership Card"],"cards":["Reckless Charge","Perfected Strike","Impervious","Double Tap","Panacea","Secret Technique"],"potions":["SteroidPotion","Strength Potion"]},{"floor":22,"relics":["Mercury Hourglass","Sling"],"cards":["Perfected Strike","Thunderclap","Ghostly Armor","Intimidate","Rupture","Purity","Metamorphosis"],"potions":["Swift Potion","SkillPotion","Regen Potion"]}],"circlet_count":0,"master_deck":["AscendersBane","Strike_R+1","Strike_R+1","Defend_R","Defend_R","Defend_R","Defend_R","Bash","Fiend Fire+1","Headbutt","Brutality","Evolve","Pommel Strike","Pommel Strike+1","Feel No Pain","Seeing Red","Barricade","Entrench","Pommel Strike","Immolate","Shrug It Off","Flame Barrier","Power Through"],"potion_use_per_floor":[[],[],[],[],[],[],["Block Potion"],[],[],[],["Explosive Potion"],[],[],[],[],[],[],[],[],[],[],[],[],[],[],[],[],[],["DuplicationPotion"],[],["PowerPotion"],[],["Weak Potion","Weak Potion"]],"relics":["Burning Blood","Dream Catcher","Strawberry","Ornamental Fan","Nunchaku","Mark of Pain","Bag of Preparation","Mango","Anchor"],"potions_floor_usage":[7,11,29,31,33,33],"damage_taken":[{"damage":2,"enemies":"Jaw Worm","floor":1,"turns":4},{"damage":8,"enemies":"2 Louse","floor":2,"turns":2},{"damage":5,"enemies":"Small Slimes","floor":3,"turns":3},{"damage":23,"enemies":"Lagavulin","floor":7,"turns":6},{"damage":33,"enemies":"3 Sentries","floor":11,"turns":6},{"damage":28,"enemies":"Gremlin Nob","floor":14,"turns":4},{"damage":7,"enemies":"Slime Boss","floor":16,"turns":8},{"damage":33,"enemies":"3 Byrds","floor":18,"turns":6},{"damage":36,"enemies":"Shell Parasite","floor":19,"turns":4},{"damage":22,"enemies":"Centurion and Healer","floor":24,"turns":7},{"damage":26,"enemies":"Snake Plant","floor":27,"turns":4},{"damage":12,"enemies":"Shelled Parasite and Fungi","floor":28,"turns":3},{"damage":16,"enemies":"Gremlin Leader","floor":29,"turns":6},{"damage":24,"enemies":"Slavers","floor":31,"turns":6},{"damage":61,"enemies":"Collector","floor":33,"turns":12}],"green_key_taken_log":11,"seed_played":"-8536998782393933330","neow_bonus_log":{"cardsObtained":[],"cardsUpgraded":[],"cardsRemoved":[],"cardsTransformed":[],"relicsObtained":[],"maxHpGained":0,"goldGained":0,"damageTaken":18,"goldLost":0,"maxHpLost":0},"potions_obtained":[{"floor":2,"key":"Explosive Potion"},{"floor":11,"key":"Strength Potion"},{"floor":14,"key":"PowerPotion"},{"floor":27,"key":"DuplicationPotion"},{"floor":29,"key":"Weak Potion"},{"floor":31,"key":"Weak Potion"}],"is_trial":false,"path_per_floor":["M","M","M","$","?","R","E","R","T","R","E","?","R","E","R","B",null,"M","M","?","?","$","R","M","R","T","M","M","E","R","E","R","B"],"character_chosen":"IRONCLAD","basemod:card_modifiers":[null,null,null,null,null,null,null,null,null,null,null,null,null,null,null,null,null,null,null,null,null,null,null],"items_purchased":["Evolve","Block Potion","Bag of Preparation"],"campfire_rested":7,"item_purchase_floors":[4,4,22],"current_hp_per_floor":[54,52,53,53,30,52,35,35,42,66,39,32,56,34,34,33,70,43,13,13,13,13,37,21,45,45,25,19,23,51,33,61,0],"gold":212,"neow_bonus":"THREE_RARE_CARDS","is_prod":false,"is_daily":false,"rewards_skipped":[{"floor":18,"relics":[],"potions":["SpeedPotion"]},{"floor":24,"relics":[],"potions":["ElixirPotion"]}],"chose_seed":false,"campfire_upgraded":2,"win_rate":0,"floor_exit_playtime":[61,83,111,124,130,134,191,196,200,205,333,344,354,410,415,516,553,662,736,740,746,762,782,845,866,888,944,1011,1136,1142,1264,1285],"timestamp":1707540705,"blue_key_relic_skipped_log":{"floor":26,"relicID":"Bottled Lightning"},"path_taken":["M","M","M","$","?","R","E","R","T","R","E","?","R","E","R","BOSS","M","M","?","?","$","R","M","R","T","M","M","E","R","E","R","BOSS"],"build_version":"2022-12-18","purchased_purges":1,"victory":false,"max_hp_per_floor":[75,75,75,75,75,75,75,75,82,82,82,82,82,82,82,82,82,82,82,82,82,82,82,82,82,82,82,82,96,96,96,96,96],"relic_stats":{"Dream Catcher":6,"Nunchaku":[12],"counters":[15,80],"Ornamental Fan":[88],"Bag of Preparation":[12],"obtain_stats":[{"Dream Catcher":7,"Nunchaku":14,"Anchor":31,"Ornamental Fan":11,"Strawberry":9,"Mango":29,"Mark of Pain":17,"Bag of Preparation":22,"Burning Blood":0},{"Dream Catcher":4,"Nunchaku":6,"Anchor":14,"Ornamental Fan":5,"Strawberry":4,"Mango":13,"Mark of Pain":7,"Bag of Preparation":9,"Burning Blood":0},{"Dream Catcher":15,"Nunchaku":25,"Anchor":69,"Ornamental Fan":21,"Strawberry":15,"Mango":63,"Mark of Pain":33,"Bag of Preparation":43,"Burning Blood":0}],"Burning Blood":84},"card_choices":[{"not_picked":["Offering","Double Tap"],"picked":"Fiend Fire","floor":0},{"not_picked":["Blood for Blood","Body Slam"],"picked":"Headbutt","floor":1},{"not_picked":["Infernal Blade","Iron Wave"],"picked":"Brutality","floor":2},{"not_picked":["Twin Strike","Dropkick"],"picked":"Pommel Strike","floor":7},{"not_picked":["Seeing Red","Sword Boomerang"],"picked":"Pommel Strike","floor":10},{"not_picked":["Evolve","Armaments"],"picked":"Feel No Pain","floor":11},{"not_picked":["Fire Breathing","Twin Strike"],"picked":"Seeing Red","floor":13},{"not_picked":["Exhume","Fiend Fire"],"picked":"Barricade","floor":16},{"not_picked":["Rupture","Infernal Blade","Flex"],"picked":"SKIP","floor":18},{"not_picked":["Combust","Sever Soul","Anger"],"picked":"SKIP","floor":19},{"not_picked":["True Grit","Wild Strike"],"picked":"Entrench","floor":24},{"not_picked":["Heavy Blade","Cleave"],"picked":"Pommel Strike","floor":25},{"not_picked":["Shrug It Off","Combust"],"picked":"Immolate","floor":27},{"not_picked":["Infernal Blade","Cleave"],"picked":"Shrug It Off","floor":28},{"not_picked":["Metallicize","Havoc"],"picked":"Flame Barrier","floor":29},{"not_picked":["Feel No Pain","Sword Boomerang"],"picked":"Power Through","floor":30}],"player_experience":5960409,"relics_obtained":[{"floor":7,"key":"Dream Catcher"},{"floor":9,"key":"Strawberry"},{"floor":11,"key":"Ornamental Fan"},{"floor":14,"key":"Nunchaku"},{"floor":29,"key":"Mango"},{"floor":31,"key":"Anchor"}],"event_choices":[{"damage_healed":0,"gold_gain":0,"player_choice":"Entered Light","damage_taken":23,"max_hp_gain":0,"max_hp_loss":0,"event_name":"Shining Light","floor":5,"gold_loss":0,"cards_upgraded":["Strike_R","Strike_R"]},{"cards_removed":["Strike_R"],"damage_healed":0,"gold_gain":0,"player_choice":"Card Removal","damage_taken":7,"max_hp_gain":0,"max_hp_loss":0,"event_name":"Golden Wing","floor":12,"gold_loss":0},{"damage_healed":0,"gold_gain":0,"player_choice":"Ignored","damage_taken":0,"max_hp_gain":0,"max_hp_loss":0,"event_name":"Beggar","floor":20,"gold_loss":0},{"cards_removed":["Strike_R"],"damage_healed":0,"gold_gain":0,"player_choice":"Purged","damage_taken":0,"max_hp_gain":0,"max_hp_loss":0,"event_name":"Purifier","floor":21,"gold_loss":0}],"is_beta":false,"boss_relics":[{"not_picked":["SacredBark","Black Blood"],"picked":"Mark of Pain"}],"items_purged_floors":[22],"is_endless":false,"potions_floor_spawned":[2,11,14,18,24,27,29,31],"killed_by":"Collector","ascension_level":20,"potion_discard_per_floor":[[],[],[],[],[],[],[],[],[],[],[],[],[],[],[],[],[],[],[],[],[],[],[],[],[],[],["Strength Potion"],[],[],[],[],[],[]]}