{"neow_bonuses_skipped_log":["REMOVE_CARD","TRANSFORM_TWO_CARDS","BOSS_RELIC"],"potions_obtained_entropic_brew":[[],[],[],[],[],[],[],[],[],[],[],[],[],[],[],[],[],[],[],[],[],[]],"neow_costs_skipped_log":["NONE","CURSE","NONE"],"gold_per_floor":[218,231,245,263,23,23,57,76,100,100,56,131,156,172,172,251,251,271,90,90,109,109],"floor_reached":22,"playtime":895,"items_purged":["Strike_R","Rampage"],"score":392,"play_id":"6858503c-864e-4688-8ac9-41522154b850","local_time":"20240213175056","score_breakdown":["Floors Climbed (22): 110","Enemies Slain (8): 16","Exordium Elites Killed (2): 20","City Elites Killed (0): 0","Bosses Slain (1): 50","Ascension (20): 196"],"is_ascension_mode":true,"potions_obtained_alchemize":[[],[],[],[],[],[],[],[],[],[],[],[],[],[],[],[],[],[],[],[],[],[]],"campfire_choices":[{"data":"Pommel Strike","floor":6,"key":"SMITH"},{"floor":15,"key":"REST"}],"lesson_learned_per_floor":[[],[],[],[],[],[],[],[],[],[],[],[],[],[],[],[],[],[],[],[],[],[]],"neow_cost":"NONE","improvable_cards":{},"seed_source_timestamp":14490229342498,"shop_contents":[{"floor":5,"relics":["Mummified Hand","Self Forming Clay","OrangePellets"],"cards":["Pummel","True Grit","Flex","Metallicize","Good Instincts","The Bomb"],"potions":["Dexterity Potion"]},{"floor":10,"relics":["Eternal Feather","Matryoshka","ClockworkSouvenir"],"cards":["Fiend Fire","Hemokinesis","Infernal Blade","Armaments","Feel No Pain","PanicButton","Mayhem"],"potions":["Weak Potion","LiquidBronze","Regen Potion"]},{"floor":11,"relics":["Akabeko","Kunai","Strange Spoon"],"cards":["Bludgeon","Clash","Intimidate","Burning Pact","PanicButton","Apotheosis"],"potions":["Fire Potion","FearPotion","BlessingOfTheForge"]},{"floor":19,"relics":["Pantograph","Turnip","Brimstone"],"cards":["Searing Blow","Rampage","Second Wind","Rupture","Enlightenment","Thinking Ahead"],"potions":["PowerPotion","Fire Potion","SkillPotion"]}],"circlet_count":0,"master_deck":["AscendersBane","Bash","Metallicize","Pommel Strike+1","Twin Strike","Iron Wave","Headbutt","Anger","Blood for Blood","Inflame","Second Wind","Offering","Second Wind","Bloodletting","Pommel Strike","Fire Breathing","Inflame","Infernal Blade","Limit Break","Sentinel"],"potion_use_per_floor":[[],[],[],[],["BloodPotion"],[],["Energy Potion"],[],[],[],[],[],["PowerPotion"],[],[],[],[],[],[],[],[],["ColorlessPotion"]],"relics":["Burning Blood","Nunchaku","Happy Flower","Calipers","Pandora\u0027s Box","MutagenicStrength"],"potions_floor_usage":[5,7,13,22],"damage_taken":[{"damage":23,"enemies":"Jaw Worm","floor":1,"turns":6},{"damage":5,"enemies":"Small Slimes","floor":2,"turns":4},{"damage":3,"enemies":"Cultist","floor":3,"turns":3},{"damage":26,"enemies":"Exordium Wildlife","floor":4,"turns":5},{"damage":20,"enemies":"3 Sentries","floor":7,"turns":10},{"damage":3,"enemies":"Looter","floor":8,"turns":3},{"damage":8,"enemies":"Gremlin Nob","floor":13,"turns":3},{"damage":6,"enemies":"Blue Slaver","floor":14,"turns":4},{"damage":44,"enemies":"The Guardian","floor":16,"turns":12},{"damage":28,"enemies":"Shell Parasite","floor":18,"turns":3},{"damage":17,"enemies":"3 Byrds","floor":21,"turns":4},{"damage":28,"enemies":"Shelled Parasite and Fungi","floor":22,"turns":3}],"seed_played":"-6967883297760149354","neow_bonus_log":{"cardsObtained":[],"cardsUpgraded":[],"cardsRemoved":[],"cardsTransformed":[],"relicsObtained":[],"maxHpGained":0,"goldGained":100,"damageTaken":0,"goldLost":0,"maxHpLost":0},"potions_obtained":[{"floor":1,"key":"PowerPotion"},{"floor":7,"key":"Energy Potion"},{"floor":14,"key":"Fire Potion"},{"floor":21,"key":"ColorlessPotion"}],"is_trial":false,"path_per_floor":["M","M","M","M","$","R","E","M","T","$","$","?","E","M","R","B",null,"M","$","?","M","M"],"character_chosen":"IRONCLAD","basemod:card_modifiers":[null,null,null,null,null,null,null,null,null,null,null,null,null,null,null,null,null,null,null,null],"items_purchased":["BloodPotion","Headbutt","Energy Potion","Inflame","Sentinel"],"campfire_rested":1,"item_purchase_floors":[5,5,5,11,19],"current_hp_per_floor":[51,52,55,35,50,50,36,39,39,39,39,28,26,26,48,10,59,37,37,37,26,0],"gold":109,"neow_bonus":"HUNDRED_GOLD","is_prod":false,"is_daily":false,"rewards_skipped":[{"floor":18,"relics":[],"potions":["Energy Potion"]}],"chose_seed":false,"campfire_upgraded":1,"win_rate":0,"floor_exit_playtime":[68,96,137,180,205,220,304,327,338,351,367,381,433,464,467,589,621,672,737,746,822],"timestamp":1707864656,"path_taken":["M","M","M","M","$","R","E","M","T","?","$","?","E","M","R","BOSS","M","$","?","M","M"],"build_version":"2022-12-18","purchased_purges":2,"victory":false,"max_hp_per_floor":[75,75,75,75,75,75,75,75,75,75,75,75,75,75,75,75,75,75,75,75,75,75],"relic_stats":{"Nunchaku":[6],"Calipers":[0],"Happy Flower":[9],"counters":[12,60],"Pandora\u0027s Box":["Second Wind","Bloodletting","Pommel Strike","Fire Breathing","Inflame","Rampage","Infernal Blade","Limit Break"],"obtain_stats":[{"Nunchaku":7,"Calipers":13,"Happy Flower":9,"MutagenicStrength":20,"Pandora\u0027s Box":17,"Burning Blood":0},{"Nunchaku":5,"Calipers":7,"Happy Flower":6,"MutagenicStrength":10,"Pandora\u0027s Box":9,"Burning Blood":0},{"Nunchaku":28,"Calipers":34,"Happy Flower":31,"MutagenicStrength":53,"Pandora\u0027s Box":50,"Burning Blood":0}],"Burning Blood":66},"card_choices":[{"not_picked":["True Grit","Burning Pact"],"picked":"Metallicize","floor":1},{"not_picked":["Body Slam","Flame Barrier"],"picked":"Pommel Strike","floor":2},{"not_picked":["Cleave","Flex"],"picked":"Twin Strike","floor":3},{"not_picked":["Wild Strike","Body Slam"],"picked":"Iron Wave","floor":4},{"not_picked":["Second Wind","Thunderclap"],"picked":"Anger","floor":7},{"not_picked":["Heavy Blade","Flex"],"picked":"Blood for Blood","floor":8},{"not_picked":["Carnage","Anger"],"picked":"Second Wind","floor":13},{"not_picked":["Heavy Blade","Anger","Iron Wave"],"picked":"SKIP","floor":14},{"not_picked":["Juggernaut","Double Tap"],"picked":"Offering","floor":16},{"not_picked":["Wild Strike","Combust","Twin Strike"],"picked":"SKIP","floor":18},{"not_picked":["Flex","Carnage","Reckless Charge+1"],"picked":"SKIP","floor":21}],"player_experience":6054664,"relics_obtained":[{"floor":7,"key":"Nunchaku"},{"floor":9,"key":"Happy Flower"},{"floor":13,"key":"Calipers"}],"event_choices":[{"damage_healed":0,"gold_gain":75,"player_choice":"Gather Gold","damage_taken":11,"max_hp_gain":0,"max_hp_loss":0,"event_name":"World of Goop","floor":12,"gold_loss":0},{"damage_healed":0,"gold_gain":0,"player_choice":"Inject Mutagens","damage_taken":0,"relics_obtained":["MutagenicStrength"],"max_hp_gain":0,"max_hp_loss":0,"event_name":"Drug Dealer","floor":20,"gold_loss":0}],"is_beta":false,"boss_relics":[{"not_picked":["Velvet Choker","Runic Dome"],"picked":"Pandora\u0027s Box"}],"items_purged_floors":[5,19],"is_endless":false,"potions_floor_spawned":[1,7,14,18,21],"killed_by":"Shelled Parasite and Fungi","ascension_level":20,"potion_discard_per_floor":[[],[],[],[],[],[],[],[],[],[],[],[],[],[],[],[],[],[],[],[],["Energy Potion"],[]]}