{"neow_bonuses_skipped_log":["TRANSFORM_CARD","TRANSFORM_TWO_CARDS","BOSS_RELIC"],"potions_obtained_entropic_brew":[[],[],[],[],[],[],[],[],[],[],[],[],[],[],[],[],[],[],[],[],[],[],["SpeedPotion","FocusPotion"],[],[],[],[],[],[],[],[],[],[],[],[],[],[],[],[],[],[],[],[],[],[],[],[],[],[],[],[],[],[],[],[],[],[]],"neow_costs_skipped_log":["NONE","CURSE","NONE"],"gold_per_floor":[110,110,122,138,14,40,40,74,74,103,115,115,145,145,145,238,238,262,262,58,58,78,99,99,114,114,64,11,32,32,55,55,151,151,174,174,193,209,77,77,120,120,145,145,159,159,159,200,200,200,200,200,200,32,71,71],"floor_reached":57,"playtime":4317,"items_purged":["Zap"],"score":2876,"play_id":"c4114406-6e59-40f1-b6c2-79d19c3b72b7","local_time":"20240211210904","falling_options_log":["Core Surge","Glacier"],"score_breakdown":["Floors Climbed (57): 285","Enemies Slain (14): 28","Exordium Elites Killed (4): 40","City Elites Killed (0): 0","Beyond Elites Killed (2): 60","Bosses Slain (5): 750","Champion (3): 75","Perfect (1): 50","Overkill: 25","Ascension (20): 1313","Heartbreaker: 250"],"is_ascension_mode":true,"potions_obtained_alchemize":[[],[],[],[],[],[],[],[],[],[],[],[],[],[],[],[],[],[],[],[],[],[],[],[],[],[],[],[],[],[],[],[],[],[],[],[],[],[],[],[],[],[],[],[],[],[],[],[],[],[],[],[],[],[],[],[],[]],"campfire_choices":[{"data":"Static Discharge","floor":7,"key":"SMITH"},{"floor":12,"key":"REST"},{"data":"Loop","floor":15,"key":"SMITH"},{"data":"Seek","floor":24,"key":"SMITH"},{"data":"Sunder","floor":30,"key":"SMITH"},{"floor":32,"key":"REST"},{"data":"Aggregate","floor":40,"key":"SMITH"},{"data":"Seek","floor":42,"key":"SMITH"},{"floor":47,"key":"RECALL"},{"data":"Apotheosis","floor":49,"key":"SMITH"},{"data":"Biased Cognition","floor":53,"key":"SMITH"}],"lesson_learned_per_floor":[[],[],[],[],[],[],[],[],[],[],[],[],[],[],[],[],[],[],[],[],[],[],[],[],[],[],[],[],[],[],[],[],[],[],[],[],[],[],[],[],[],[],[],[],[],[],[],[],[],[],[],[],[],[],[],[],[]],"neow_cost":"NONE","improvable_cards":{},"seed_source_timestamp":22686408906080,"shop_contents":[{"floor":5,"relics":["Lizard Tail","White Beast Statue","TheAbacus"],"cards":["Hyperbeam","Meteor Strike","Reprogram","Swift Strike","Secret Technique"],"potions":["GamblersBrew","Fruit Juice","SmokeBomb"]},{"floor":20,"relics":["Strawberry","Sundial"],"cards":["Melter","Fusion","Stack","Loop","Forethought","Sadistic Nature"],"potions":["Weak Potion","GamblersBrew","Dexterity Potion"]},{"floor":28,"relics":["StrikeDummy","Bronze Scales","Frozen Eye"],"cards":["Core Surge","Scrape","White Noise","Heatsinks","Discovery","Magnetism"],"potions":["FearPotion","Regen Potion","EssenceOfSteel"]},{"floor":39,"relics":["CeramicFish","Orichalcum","Sling"],"cards":["Core Surge","Barrage","Rainbow","Steam Power","Capacitor+1","Impatience","Thinking Ahead"],"potions":["ColorlessPotion","Energy Potion"]},{"floor":54,"relics":["HornCleat","Blood Vial","Strange Spoon"],"cards":["Rebound","Beam Cell","Leap","Storm+1","Dark Shackles","Thinking Ahead"],"potions":["FearPotion","LiquidBronze"]}],"circlet_count":0,"master_deck":["AscendersBane","Dualcast","Rip and Tear","Glacier","Undo","FTL","Core Surge","White Noise","Loop+1","Biased Cognition+1","Sunder+1","Thunder Strike","Hyperbeam","Hello World","Buffer","Steam","Seek+1","Auto Shields+1","Cold Snap","Glacier","Doom and Gloom","Conserve Battery","Aggregate+1","Coolheaded+1","Turbo","Compile Driver+1","Seek+1","Redo+1","Finesse","Apotheosis+1","Discovery","Hologram","Skim","Go for the Eyes+1"],"potion_use_per_floor":[[],[],[],[],[],["PowerPotion"],[],[],[],["Swift Potion"],[],[],[],[],[],[],[],[],[],[],[],[],["Swift Potion","EntropicBrew"],[],[],[],[],[],["FocusPotion"],[],[],[],["Ancient Potion"],[],[],[],[],[],[],[],["AttackPotion"],[],[],[],[],[],[],["EssenceOfSteel"],[],[],[],[],[],[],[],["DistilledChaos"],[]],"relics":["Cracked Core","Tiny Chest","Singing Bowl","InkBottle","Gremlin Horn","Ornamental Fan","Bag of Marbles","Golden Idol","Pandora\u0027s Box","Nilry\u0027s Codex","DollysMirror","Toy Ornithopter","Bag of Preparation","Inserter","Frozen Egg 2","War Paint","Juzu Bracelet","Pen Nib"],"potions_floor_usage":[6,10,23,23,29,33,41,48,56],"damage_taken":[{"damage":3,"enemies":"2 Louse","floor":1,"turns":2},{"damage":2,"enemies":"Jaw Worm","floor":3,"turns":2},{"damage":0,"enemies":"Small Slimes","floor":4,"turns":3},{"damage":8,"enemies":"3 Sentries","floor":6,"turns":10},{"damage":11,"enemies":"Lagavulin","floor":8,"turns":8},{"damage":12,"enemies":"3 Sentries","floor":10,"turns":7},{"damage":1,"enemies":"Red Slaver","floor":11,"turns":3},{"damage":12,"enemies":"Gremlin Nob","floor":13,"turns":5},{"damage":11,"enemies":"The Guardian","floor":16,"turns":16},{"damage":21,"enemies":"Shell Parasite","floor":18,"turns":6},{"damage":0,"enemies":"Chosen","floor":22,"turns":6},{"damage":10,"enemies":"Centurion and Healer","floor":23,"turns":5},{"damage":0,"enemies":"Cultist and Chosen","floor":25,"turns":9},{"damage":2,"enemies":"Snake Plant","floor":29,"turns":6},{"damage":3,"enemies":"Sentry and Sphere","floor":31,"turns":8},{"damage":0,"enemies":"Collector","floor":33,"turns":10},{"damage":10,"enemies":"3 Darklings","floor":35,"turns":8},{"damage":0,"enemies":"Orb Walker","floor":37,"turns":3},{"damage":4,"enemies":"Spire Growth","floor":38,"turns":14},{"damage":0,"enemies":"Reptomancer","floor":41,"turns":6},{"damage":7,"enemies":"Sphere and 2 Shapes","floor":45,"turns":4},{"damage":0,"enemies":"Giant Head","floor":48,"turns":14},{"damage":6,"enemies":"Donu and Deca","floor":50,"turns":18},{"damage":12,"enemies":"Time Eater","floor":51,"turns":22},{"damage":0,"enemies":"Shield and Spear","floor":55,"turns":10},{"damage":2,"enemies":"The Heart","floor":56,"turns":12}],"green_key_taken_log":6,"seed_played":"3138742207567012938","neow_bonus_log":{"cardsObtained":[],"cardsUpgraded":[],"cardsRemoved":[],"cardsTransformed":[],"relicsObtained":["Tiny Chest"],"maxHpGained":0,"goldGained":0,"damageTaken":0,"goldLost":0,"maxHpLost":0},"potions_obtained":[{"floor":1,"key":"PowerPotion"},{"floor":3,"key":"Swift Potion"},{"floor":6,"key":"Swift Potion"},{"floor":10,"key":"PotionOfCapacity"},{"floor":13,"key":"FearPotion"},{"floor":22,"key":"EntropicBrew"},{"floor":23,"key":"Ancient Potion"},{"floor":33,"key":"EssenceOfSteel"},{"floor":41,"key":"PotionOfCapacity"}],"is_trial":false,"path_per_floor":["M","?","M","M","$","E","R","E","T","E","M","R","E","?","R","B",null,"M","?","$","T","M","M","R","M","T","?","$","M","R","M","R","B",null,"M","T","M","M","$","R","E","R","T","?","M","?","R","E","R","B","B",null,"R","$","E","B",null],"character_chosen":"DEFECT","basemod:card_modifiers":[null,null,null,null,null,null,null,null,null,null,null,null,null,null,null,null,null,null,null,null,null,null,null,null,null,null,null,null,null,null,null,null,null,null],"items_purchased":["Undo","Static Discharge","DollysMirror","Doom and Gloom","Coolheaded","AttackPotion","Skim","DistilledChaos"],"campfire_rested":2,"item_purchase_floors":[5,5,20,20,28,39,54,54],"current_hp_per_floor":[61,61,59,59,59,51,51,40,40,28,29,50,38,38,38,27,56,35,14,14,14,16,16,16,16,16,16,16,19,19,16,36,41,61,51,51,53,51,51,51,58,58,58,58,53,43,43,48,48,42,30,65,65,65,65,68],"gold":71,"neow_bonus":"RANDOM_COMMON_RELIC","is_prod":false,"is_daily":false,"rewards_skipped":[{"floor":11,"relics":[],"potions":["Dexterity Potion"]}],"chose_seed":false,"campfire_upgraded":8,"win_rate":0,"floor_exit_playtime":[63,67,83,108,128,230,239,298,301,392,457,466,526,530,535,689,742,840,869,902,908,1037,1145,1152,1266,1269,1275,1280,1377,1386,1502,1506,1674,1701,1905,1916,1966,2124,2212,2221,2438,2444,2448,2465,2574,2597,2601,2859,2868,3276,3541,3553,3570,3595,3933,4317],"timestamp":1707703744,"blue_key_relic_skipped_log":{"floor":43,"relicID":"Boot"},"path_taken":["M","?","M","M","$","E","R","E","T","E","M","R","E","?","R","BOSS","M","?","$","?","M","M","R","M","T","?","?","?","R","M","R","BOSS","M","?","M","M","$","R","E","R","T","?","M","?","R","E","R","BOSS","BOSS","R","$","E","BOSS"],"build_version":"2022-12-18","purchased_purges":1,"victory":true,"max_hp_per_floor":[71,71,71,71,71,71,71,71,71,71,73,73,73,66,66,66,66,66,66,66,66,68,68,68,68,68,68,68,68,68,68,68,68,68,68,68,70,72,72,72,74,74,74,74,76,76,76,76,76,76,76,76,76,76,76,76],"relic_stats":{"Inserter":[45],"Singing Bowl":12,"Gremlin Horn":[22,22],"counters":[26,216],"Golden Idol":161,"Nilry\u0027s Codex":[14,32,23,72],"Pen Nib":[2],"Bag of Preparation":[26],"Juzu Bracelet":0,"War Paint":["Coolheaded","Auto Shields"],"Ornamental Fan":[108],"Tiny Chest":2,"Pandora\u0027s Box":["Sunder","Thunder Strike","Hyperbeam","Hello World","Buffer","Steam","Seek","Auto Shields"],"obtain_stats":[{"Inserter":34,"Singing Bowl":6,"Gremlin Horn":9,"Golden Idol":14,"Nilry\u0027s Codex":19,"Pen Nib":55,"Bag of Preparation":26,"Juzu Bracelet":48,"Frozen Egg 2":36,"War Paint":41,"Ornamental Fan":10,"DollysMirror":20,"Tiny Chest":0,"Pandora\u0027s Box":17,"Bag of Marbles":13,"Cracked Core":0,"InkBottle":8,"Toy Ornithopter":21},{"Inserter":16,"Singing Bowl":4,"Gremlin Horn":5,"Golden Idol":8,"Nilry\u0027s Codex":10,"Pen Nib":25,"Bag of Preparation":13,"Juzu Bracelet":22,"Frozen Egg 2":17,"War Paint":20,"Ornamental Fan":6,"DollysMirror":10,"Tiny Chest":0,"Pandora\u0027s Box":9,"Bag of Marbles":8,"Cracked Core":0,"InkBottle":5,"Toy Ornithopter":10},{"Inserter":105,"Singing Bowl":17,"Gremlin Horn":25,"Golden Idol":40,"Nilry\u0027s Codex":62,"Pen Nib":204,"Bag of Preparation":81,"Juzu Bracelet":154,"Frozen Egg 2":113,"War Paint":136,"Ornamental Fan":32,"DollysMirror":62,"Tiny Chest":0,"Pandora\u0027s Box":56,"Bag of Marbles":40,"Cracked Core":0,"InkBottle":25,"Toy Ornithopter":62}],"InkBottle":[75],"Toy Ornithopter":35},"card_choices":[{"not_picked":["Double Energy","Barrage"],"picked":"Rip and Tear","floor":1},{"not_picked":["Reprogram","Barrage","Storm"],"picked":"SKIP","floor":3},{"not_picked":["Auto Shields","Compile Driver"],"picked":"Glacier","floor":4},{"not_picked":["Gash","Undo"],"picked":"FTL","floor":6},{"not_picked":["Skim","Hello World"],"picked":"Core Surge","floor":8},{"not_picked":["Leap","Steam"],"picked":"White Noise","floor":10},{"not_picked":["Compile Driver","Turbo","Redo"],"picked":"Singing Bowl","floor":11},{"not_picked":["Heatsinks","Storm"],"picked":"Loop","floor":13},{"not_picked":["Meteor Strike","Seek"],"picked":"Biased Cognition","floor":16},{"not_picked":["Steam","Steam Power"],"picked":"Cold Snap","floor":18},{"not_picked":["Static Discharge+1","Stack","Fusion"],"picked":"Singing Bowl","floor":22},{"not_picked":["Steam","Reprogram"],"picked":"Conserve Battery","floor":23},{"not_picked":["Cold Snap","Steam"],"picked":"Aggregate","floor":25},{"not_picked":["Leap","Ball Lightning"],"picked":"Turbo","floor":29},{"not_picked":["Go for the Eyes","Redo"],"picked":"Compile Driver+1","floor":31},{"not_picked":["Rainbow","Buffer"],"picked":"Seek","floor":33},{"not_picked":["Ball Lightning","BootSequence"],"picked":"Redo+1","floor":35},{"not_picked":["Redo","Leap+1","Rebound"],"picked":"Singing Bowl","floor":37},{"not_picked":["Go for the Eyes","Sweeping Beam","Barrage"],"picked":"Singing Bowl","floor":38},{"not_picked":["Creative AI+1","Force Field","Turbo"],"picked":"Singing Bowl","floor":41},{"not_picked":["Compile Driver","BootSequence+1","Melter"],"picked":"Singing Bowl","floor":45},{"not_picked":["Dramatic Entrance","Metamorphosis"],"picked":"Finesse","floor":46},{"not_picked":["Purity","Flash of Steel"],"picked":"Apotheosis","floor":46},{"not_picked":["Chrysalis","Secret Weapon"],"picked":"Discovery","floor":46},{"not_picked":["Sweeping Beam","FTL"],"picked":"Hologram","floor":48},{"not_picked":["Hello World+1","Beam Cell+1"],"picked":"Go for the Eyes+1","floor":55}],"player_experience":6014876,"relics_obtained":[{"floor":6,"key":"Singing Bowl"},{"floor":8,"key":"InkBottle"},{"floor":9,"key":"Gremlin Horn"},{"floor":10,"key":"Ornamental Fan"},{"floor":13,"key":"Bag of Marbles"},{"floor":19,"key":"Nilry\u0027s Codex"},{"floor":21,"key":"Toy Ornithopter"},{"floor":26,"key":"Bag of Preparation"},{"floor":36,"key":"Frozen Egg 2"},{"floor":41,"key":"War Paint"},{"floor":48,"key":"Juzu Bracelet"},{"floor":55,"key":"Pen Nib"}],"event_choices":[{"damage_healed":0,"gold_gain":0,"player_choice":"Ignored","damage_taken":0,"max_hp_gain":0,"max_hp_loss":0,"event_name":"Shining Light","floor":2,"gold_loss":0},{"damage_healed":0,"gold_gain":0,"player_choice":"Lose Max HP","damage_taken":0,"relics_obtained":["Golden Idol"],"max_hp_gain":0,"max_hp_loss":7,"event_name":"Golden Idol","floor":14,"gold_loss":0},{"damage_healed":0,"gold_gain":0,"player_choice":"Obtained Book","damage_taken":21,"max_hp_gain":0,"max_hp_loss":0,"event_name":"Cursed Tome","floor":19,"gold_loss":0},{"damage_healed":0,"gold_gain":0,"player_choice":"Bet on Murderer","damage_taken":0,"max_hp_gain":0,"max_hp_loss":0,"event_name":"The Joust","floor":27,"gold_loss":50},{"cards_removed":["Static Discharge"],"damage_healed":0,"gold_gain":0,"player_choice":"Removed Power","damage_taken":0,"max_hp_gain":0,"max_hp_loss":0,"event_name":"Falling","floor":44,"gold_loss":0},{"damage_healed":0,"gold_gain":0,"player_choice":"Memory 3","damage_taken":10,"max_hp_gain":0,"max_hp_loss":0,"event_name":"SensoryStone","floor":46,"gold_loss":0}],"is_beta":false,"boss_relics":[{"not_picked":["Busted Crown","Black Star"],"picked":"Pandora\u0027s Box"},{"not_picked":["Sozu","Runic Dome"],"picked":"Inserter"}],"items_purged_floors":[39],"is_endless":false,"potions_floor_spawned":[1,3,6,10,11,13,22,23,33,41],"ascension_level":20,"potion_discard_per_floor":[[],[],[],[],[],[],[],[],[],[],[],[],["PotionOfCapacity"],[],[],[],[],[],[],[],[],["FearPotion"],["SpeedPotion"],[],[],[],[],[],[],[],[],[],[],[],[],[],[],[],[],[],[],[],[],[],[],[],[],[],[],[],[],[],[],[],[],[],[]]}