{"neow_bonuses_skipped_log":["THREE_CARDS","TEN_PERCENT_HP_BONUS","TWENTY_PERCENT_HP_BONUS"],"potions_obtained_entropic_brew":[[],[],[],[],[],[],[],[],[],[],[],[],[],[],[],[],[],[],[],[],[],[],[],[],[],[],[],[],[],[]],"neow_costs_skipped_log":["NONE","NONE","NO_GOLD"],"gold_per_floor":[111,125,142,63,63,63,81,81,81,113,113,113,124,124,124,201,201,217,235,28,40,40,40,54,54,54,54,64,82,82],"floor_reached":30,"playtime":1278,"items_purged":[],"score":464,"play_id":"06b09585-505b-4203-bc09-05a447952c57","local_time":"20240213194019","score_breakdown":["Floors Climbed (30): 150","Enemies Slain (11): 22","Exordium Elites Killed (1): 10","City Elites Killed (0): 0","Bosses Slain (1): 50","Ascension (20): 232"],"is_ascension_mode":true,"potions_obtained_alchemize":[[],[],[],[],[],[],[],[],[],[],[],[],[],[],[],[],[],[],[],[],[],[],[],[],[],[],[],[],[],[]],"campfire_choices":[{"data":"Defragment","floor":6,"key":"SMITH"},{"floor":11,"key":"REST"},{"data":"Zap","floor":15,"key":"SMITH"},{"data":"Coolheaded","floor":23,"key":"SMITH"},{"floor":25,"key":"REST"},{"floor":27,"key":"REST"}],"lesson_learned_per_floor":[[],[],[],[],[],[],[],[],[],[],[],[],[],[],[],[],[],[],[],[],[],[],[],[],[],[],[],[],[],[]],"neow_cost":"NONE","improvable_cards":{},"seed_source_timestamp":20670936340919,"shop_contents":[{"floor":4,"relics":["DataDisk","InkBottle","Chemical X"],"cards":["Sweeping Beam","FTL","Stack","Hologram","Good Instincts","Apotheosis"],"potions":["ColorlessPotion","SteroidPotion","LiquidBronze"]},{"floor":20,"relics":["WingedGreaves","TungstenRod","Strange Spoon"],"cards":["Ball Lightning","Blizzard","Hologram","Mayhem"],"potions":["EssenceOfSteel","Weak Potion","Fruit Juice"]}],"circlet_count":0,"master_deck":["AscendersBane","Defend_B","Defend_B","Defend_B","Zap+1","Dualcast","Ball Lightning+1","Multi-Cast+1","Rebound+1","Lockon","Defragment+1","Conserve Battery","Hello World","Rainbow","Conserve Battery+1","Coolheaded+1","Dark Shackles","Capacitor","BootSequence","Writhe","Reboot","Reinforced Body+1","Doom and Gloom"],"potion_use_per_floor":[[],[],[],[],[],[],[],[],[],[],[],[],[],[],[],[],[],[],[],[],[],[],[],["Fire Potion","FocusPotion"],[],[],[],[],[],["DuplicationPotion"]],"relics":["Astrolabe","Pantograph","Bag of Preparation","Empty Cage","Strawberry","Centennial Puzzle"],"potions_floor_usage":[24,24,30],"damage_taken":[{"damage":12,"enemies":"Jaw Worm","floor":1,"turns":2},{"damage":1,"enemies":"Small Slimes","floor":2,"turns":4},{"damage":0,"enemies":"Cultist","floor":3,"turns":3},{"damage":16,"enemies":"Blue Slaver","floor":7,"turns":3},{"damage":32,"enemies":"Gremlin Nob","floor":10,"turns":4},{"damage":1,"enemies":"Exordium Thugs","floor":13,"turns":3},{"damage":28,"enemies":"Slime Boss","floor":16,"turns":5},{"damage":17,"enemies":"Shell Parasite","floor":18,"turns":5},{"damage":3,"enemies":"Spheric Guardian","floor":19,"turns":4},{"damage":0,"enemies":"Centurion and Healer","floor":21,"turns":5},{"damage":36,"enemies":"3 Cultists","floor":24,"turns":6},{"damage":12,"enemies":"Shelled Parasite and Fungi","floor":28,"turns":6},{"damage":8,"enemies":"Snecko","floor":29,"turns":6},{"damage":37,"enemies":"Slavers","floor":30,"turns":4}],"seed_played":"-3656534834959577013","neow_bonus_log":{"cardsObtained":[],"cardsUpgraded":[],"cardsRemoved":[],"cardsTransformed":[],"relicsObtained":["Astrolabe"],"maxHpGained":0,"goldGained":0,"damageTaken":0,"goldLost":0,"maxHpLost":0},"potions_obtained":[{"floor":7,"key":"Fire Potion"},{"floor":10,"key":"Energy Potion"},{"floor":13,"key":"FocusPotion"},{"floor":29,"key":"DuplicationPotion"}],"is_trial":false,"path_per_floor":["M","M","M","$","?","R","M","?","T","E","R","?","M","?","R","B",null,"M","M","$","M","?","R","M","R","T","R","M","M","E"],"character_chosen":"DEFECT","basemod:card_modifiers":[null,null,null,null,null,null,null,null,null,null,null,null,null,null,null,null,null,null,null,null,null,null,null],"items_purchased":["Defragment","Coolheaded","Dark Shackles","Capacitor"],"campfire_rested":3,"item_purchase_floors":[4,20,20,20],"current_hp_per_floor":[52,51,51,51,51,51,35,35,35,3,24,24,23,16,16,13,57,40,37,37,37,44,44,8,31,31,54,42,34,0],"gold":82,"neow_bonus":"BOSS_RELIC","is_prod":false,"is_daily":false,"rewards_skipped":[{"floor":18,"relics":[],"potions":["SteroidPotion"]}],"chose_seed":false,"campfire_upgraded":3,"win_rate":0,"floor_exit_playtime":[72,107,132,169,172,177,210,229,232,305,311,327,377,384,406,492,537,618,669,687,788,802,809,917,937,941,951,1054,1154],"timestamp":1707871219,"path_taken":["M","M","M","$","?","R","M","?","T","E","R","?","M","?","R","BOSS","M","?","$","M","?","R","?","R","T","R","M","M","E"],"build_version":"2022-12-18","purchased_purges":0,"victory":false,"max_hp_per_floor":[71,71,71,71,71,71,71,71,71,71,71,71,71,71,71,71,71,71,71,71,71,78,78,78,78,78,78,78,78,78],"relic_stats":{"Centennial Puzzle":[9],"counters":[14,60],"Astrolabe":["Ball Lightning","Multi-Cast","Rebound"],"Pantograph":25,"Bag of Preparation":[18],"obtain_stats":[{"Centennial Puzzle":26,"Astrolabe":0,"Pantograph":9,"Strawberry":22,"Bag of Preparation":10,"Cracked Core":0,"Empty Cage":17},{"Centennial Puzzle":11,"Astrolabe":0,"Pantograph":4,"Strawberry":10,"Bag of Preparation":5,"Cracked Core":0,"Empty Cage":7},{"Centennial Puzzle":44,"Astrolabe":0,"Pantograph":12,"Strawberry":38,"Bag of Preparation":16,"Cracked Core":0,"Empty Cage":24}]},"card_choices":[{"not_picked":["Stack","Compile Driver"],"picked":"Lockon","floor":1},{"not_picked":["Streamline","Scrape","Redo"],"picked":"SKIP","floor":3},{"not_picked":["Beam Cell","Skim"],"picked":"Conserve Battery","floor":7},{"not_picked":["Stack","Streamline","Scrape"],"picked":"SKIP","floor":10},{"not_picked":["Streamline","All For One"],"picked":"Hello World","floor":13},{"not_picked":["Thunder Strike","Biased Cognition"],"picked":"Rainbow","floor":16},{"not_picked":["Recycle","Melter","Ball Lightning"],"picked":"SKIP","floor":18},{"not_picked":["Steam","Chaos"],"picked":"Conserve Battery+1","floor":19},{"not_picked":["Sweeping Beam","Compile Driver"],"picked":"BootSequence","floor":21},{"not_picked":["Conserve Battery","Go for the Eyes"],"picked":"Reboot","floor":24},{"not_picked":["Turbo","Compile Driver"],"picked":"Reinforced Body+1","floor":28},{"not_picked":["Leap","Stack"],"picked":"Doom and Gloom","floor":29}],"player_experience":6060705,"relics_obtained":[{"floor":9,"key":"Pantograph"},{"floor":10,"key":"Bag of Preparation"},{"floor":26,"key":"Centennial Puzzle"}],"event_choices":[{"damage_healed":0,"gold_gain":0,"player_choice":"Ignored","damage_taken":0,"max_hp_gain":0,"max_hp_loss":0,"event_name":"Liars Game","floor":5,"gold_loss":0},{"damage_healed":0,"gold_gain":0,"player_choice":"Searched \u00270\u0027 times","damage_taken":0,"max_hp_gain":0,"max_hp_loss":0,"event_name":"Dead Adventurer","floor":8,"gold_loss":0},{"damage_healed":0,"gold_gain":0,"player_choice":"Cursed","damage_taken":0,"max_hp_gain":0,"max_hp_loss":0,"event_name":"Wheel of Change","floor":12,"gold_loss":0,"cards_obtained":["Decay"]},{"cards_removed":["Decay"],"damage_healed":0,"gold_gain":0,"player_choice":"Card Removal","damage_taken":7,"max_hp_gain":0,"max_hp_loss":0,"event_name":"Golden Wing","floor":14,"gold_loss":0},{"damage_healed":0,"gold_gain":0,"player_choice":"Opened","damage_taken":0,"relics_obtained":["Strawberry"],"max_hp_gain":0,"max_hp_loss":0,"event_name":"The Mausoleum","floor":22,"gold_loss":0,"cards_obtained":["Writhe"]}],"is_beta":false,"boss_relics":[{"not_picked":["Snecko Eye","Black Star"],"picked":"Empty Cage"}],"items_purged_floors":[],"is_endless":false,"potions_floor_spawned":[7,10,13,18,29],"killed_by":"Slavers","ascension_level":20,"potion_discard_per_floor":[[],[],[],[],[],[],[],[],[],[],[],[],["Energy Potion"],[],[],[],[],[],[],[],[],[],[],[],[],[],[],[],[],[]]}