{"neow_bonuses_skipped_log":["TRANSFORM_CARD","RANDOM_COMMON_RELIC","BOSS_RELIC"],"neow_costs_skipped_log":["NONE","NONE","NONE"],"potions_obtained_entropic_brew":[[],[],[],[],[],[],[],[],[],[],[],[],[],[],[],["DistilledChaos","SpeedPotion"],[],[],[],[],[],[],[],[],[],[],[],[],[],[],[],[],[],[],[],[],[],[],[],[],[],[],[],[],[],[],[],[],[],[],[],[],[],[],[],[],[]],"gold_per_floor":[114,124,124,139,157,185,185,210,210,210,239,199,209,209,209,287,287,298,298,22,39,52,52,83,93,93,122,134,146,181,195,195,273,273,292,304,359,31,43,43,68,100,123,123,154,154,164,175,175,175,175,175,175,10,42,42],"floor_reached":57,"playtime":3498,"items_purged":["Strike_R"],"score":3138,"play_id":"de66879d-71a1-4691-8a1f-37b503c953a3","local_time":"20240207212754","score_breakdown":["Floors Climbed (57): 285","Enemies Slain (17): 34","Exordium Elites Killed (3): 30","City Elites Killed (3): 60","Beyond Elites Killed (2): 60","Bosses Slain (5): 750","Speedster: 25","Librarian: 25","Champion (2): 50","Perfect (2): 100","Overkill: 25","C-c-c-combo: 25","Ascension (20): 1419","Heartbreaker: 250"],"is_ascension_mode":true,"potions_obtained_alchemize":[[],[],[],[],[],[],[],[],[],[],[],[],[],[],[],[],[],[],[],[],[],[],[],[],[],[],[],[],[],[],[],[],[],[],[],[],[],[],[],[],[],[],[],[],[],[],[],[],[],[],[],[],[],[],[],[],[]],"campfire_choices":[{"data":"Immolate","floor":7,"key":"SMITH"},{"data":"Blood for Blood","floor":10,"key":"SMITH"},{"data":"Armaments","floor":15,"key":"SMITH"},{"data":"Fiend Fire","floor":23,"key":"SMITH"},{"data":"Barricade","floor":32,"key":"SMITH"},{"floor":40,"key":"RECALL"},{"data":"Offering","floor":44,"key":"SMITH"},{"data":"Feel No Pain","floor":49,"key":"SMITH"},{"data":"Chrysalis","floor":53,"key":"SMITH"}],"lesson_learned_per_floor":[[],[],[],[],[],[],[],[],[],[],[],[],[],[],[],[],[],[],[],[],[],[],[],[],[],[],[],[],[],[],[],[],[],[],[],[],[],[],[],[],[],[],[],[],[],[],[],[],[],[],[],[],[],[],[],[],[]],"neow_cost":"TEN_PERCENT_HP_LOSS","improvable_cards":{},"seed_source_timestamp":14398485693749,"shop_contents":[{"floor":20,"relics":["Strawberry","DollysMirror"],"cards":["Searing Blow","Headbutt","Infernal Blade","Flex","Rupture","PanicButton","Apotheosis"],"potions":["Regen Potion","LiquidMemories","Block Potion"]},{"floor":38,"relics":["Boot"],"cards":["Searing Blow","Pommel Strike","Seeing Red","Armaments","Rupture","Enlightenment","Thinking Ahead"],"potions":["Explosive Potion","Ancient Potion","Fire Potion"]},{"floor":54,"relics":["Shuriken","Red Skull","Sling"],"cards":["Perfected Strike","Carnage","Armaments","Battle Trance","Metallicize","Master of Strategy"],"potions":["SteroidPotion","Dexterity Potion","SpeedPotion"]}],"circlet_count":0,"master_deck":["AscendersBane","Strike_R","Strike_R","Strike_R","Strike_R+1","Defend_R","Defend_R","Defend_R","Defend_R","Bash+1","Inflame+1","Clothesline","Immolate+1","Bloodletting","Blood for Blood+1","Disarm","Armaments+1","Shrug It Off","Fiend Fire+1","Disarm","Shrug It Off+1","Flame Barrier","Shockwave+1","Barricade+1","Exhume","Corruption","Shrug It Off","Feel No Pain+1","True Grit+1","Offering+1","Intimidate+1","Burning Pact","Exhume","Warcry+1","Finesse","Chrysalis+1","Secret Technique","Entrench+1","Purity","Exhume"],"potion_use_per_floor":[[],[],[],[],[],["Strength Potion"],[],[],[],[],["SneckoOil","Block Potion"],[],[],[],[],["EntropicBrew","DistilledChaos"],[],[],[],[],[],[],[],[],[],[],["FearPotion"],[],[],["AttackPotion"],[],[],[],[],[],[],[],[],["ColorlessPotion","LiquidMemories"],[],[],[],[],[],[],[],[],[],[],[],[],[],[],[],[],["SkillPotion","Weak Potion"],[]],"relics":["Burning Blood","Mango","Paper Frog","Omamori","Letter Opener","StoneCalendar","Runic Pyramid","Meat on the Bone","Whetstone","Question Card","Thread and Needle","Gremlin Horn","Cursed Key","Unceasing Top","Orrery","Bag of Preparation","Gambling Chip","Bottled Lightning","Sundial","Anchor"],"potions_floor_usage":[6,11,11,16,16,27,30,39,39,56,56],"damage_taken":[{"damage":8,"enemies":"2 Louse","floor":1,"turns":3},{"damage":8,"enemies":"Jaw Worm","floor":2,"turns":6},{"damage":12,"enemies":"Small Slimes","floor":4,"turns":3},{"damage":0,"enemies":"3 Louse","floor":5,"turns":1},{"damage":30,"enemies":"Lagavulin","floor":6,"turns":7},{"damage":15,"enemies":"3 Sentries","floor":8,"turns":4},{"damage":17,"enemies":"Gremlin Nob","floor":11,"turns":4},{"damage":4,"enemies":"Looter","floor":12,"turns":4},{"damage":6,"enemies":"Exordium Thugs","floor":13,"turns":3},{"damage":3,"enemies":"The Guardian","floor":16,"turns":11},{"damage":0,"enemies":"Chosen","floor":18,"turns":4},{"damage":1,"enemies":"Spheric Guardian","floor":21,"turns":3},{"damage":6,"enemies":"Snake Plant","floor":22,"turns":4},{"damage":15,"enemies":"Book of Stabbing","floor":24,"turns":6},{"damage":22,"enemies":"Centurion and Healer","floor":25,"turns":7},{"damage":16,"enemies":"Slavers","floor":27,"turns":4},{"damage":21,"enemies":"Snecko","floor":28,"turns":5},{"damage":16,"enemies":"Shelled Parasite and Fungi","floor":29,"turns":7},{"damage":34,"enemies":"Gremlin Leader","floor":30,"turns":6},{"damage":11,"enemies":"Centurion and Healer","floor":31,"turns":4},{"damage":24,"enemies":"Automaton","floor":33,"turns":7},{"damage":4,"enemies":"Orb Walker","floor":35,"turns":3},{"damage":0,"enemies":"3 Shapes","floor":36,"turns":7},{"damage":7,"enemies":"2 Orb Walkers","floor":37,"turns":4},{"damage":3,"enemies":"Writhing Mass","floor":39,"turns":5},{"damage":6,"enemies":"Mind Bloom Boss Battle","floor":41,"turns":4},{"damage":6,"enemies":"Nemesis","floor":42,"turns":7},{"damage":12,"enemies":"Giant Head","floor":45,"turns":7},{"damage":6,"enemies":"Jaw Worm Horde","floor":47,"turns":4},{"damage":6,"enemies":"Spire Growth","floor":48,"turns":7},{"damage":9,"enemies":"Awakened One","floor":50,"turns":16},{"damage":16,"enemies":"Time Eater","floor":51,"turns":15},{"damage":18,"enemies":"Shield and Spear","floor":55,"turns":9},{"damage":45,"enemies":"The Heart","floor":56,"turns":12}],"green_key_taken_log":30,"seed_played":"4920829575659925236","neow_bonus_log":{"cardsObtained":[],"cardsUpgraded":[],"cardsRemoved":[],"cardsTransformed":[],"relicsObtained":["Mango"],"maxHpGained":0,"goldGained":0,"damageTaken":0,"goldLost":0,"maxHpLost":7},"potions_obtained":[{"floor":1,"key":"Strength Potion"},{"floor":5,"key":"SneckoOil"},{"floor":8,"key":"Block Potion"},{"floor":13,"key":"EntropicBrew"},{"floor":21,"key":"FearPotion"},{"floor":22,"key":"SkillPotion"},{"floor":27,"key":"ColorlessPotion"},{"floor":28,"key":"AttackPotion"},{"floor":35,"key":"BlessingOfTheForge"},{"floor":36,"key":"LiquidMemories"},{"floor":45,"key":"SkillPotion"},{"floor":48,"key":"Weak Potion"}],"is_trial":false,"path_per_floor":["M","M","?","M","M","E","R","E","T","R","E","M","M","?","R","B",null,"M","?","$","M","M","R","E","M","T","E","M","M","E","M","R","B",null,"M","M","?","$","M","R","?","E","T","R","E","?","M","M","R","B","B",null,"R","$","E","B",null],"character_chosen":"IRONCLAD","basemod:card_modifiers":[null,null,null,null,null,null,null,null,null,null,null,null,null,null,null,null,null,null,null,null,null,null,null,null,null,null,null,null,null,null,null,null,null,null,null,null,null,null,null,null],"items_purchased":["Meat on the Bone","Orrery","Bag of Preparation","Purity"],"campfire_rested":0,"item_purchase_floors":[20,38,38,54],"current_hp_per_floor":[80,78,78,72,78,54,54,45,45,45,34,36,36,36,36,39,71,77,77,77,82,82,82,73,57,57,59,56,58,42,49,49,43,72,74,80,79,79,82,82,82,82,82,82,76,66,66,66,66,63,53,75,75,75,63,36],"gold":42,"neow_bonus":"ONE_RARE_RELIC","is_prod":false,"is_daily":false,"rewards_skipped":[],"chose_seed":false,"campfire_upgraded":8,"win_rate":0,"floor_exit_playtime":[64,102,108,125,137,187,193,221,223,229,285,322,348,377,382,483,506,539,556,563,588,617,623,687,734,742,810,871,945,1053,1102,1114,1215,1246,1275,1337,1385,1405,1492,1500,1568,1663,1667,1675,1835,1857,1972,2062,2070,2340,2544,2555,2565,2822,3194,3498],"timestamp":1707359274,"blue_key_relic_skipped_log":{"floor":43,"relicID":"MawBank"},"path_taken":["M","M","?","M","M","E","R","E","T","R","E","M","M","?","R","BOSS","M","?","$","M","M","R","E","M","T","E","M","M","E","M","R","BOSS","M","M","?","$","M","R","?","E","T","R","E","?","M","M","R","BOSS","BOSS","R","$","E","BOSS"],"build_version":"2022-12-18","purchased_purges":1,"victory":true,"max_hp_per_floor":[82,82,82,82,82,82,82,82,82,82,82,82,82,82,82,82,82,82,82,82,82,82,82,82,82,82,82,82,82,82,82,82,82,82,82,82,82,82,82,82,82,82,82,82,82,82,82,82,82,82,82,82,82,82,82,82],"relic_stats":{"Gremlin Horn":[9,11],"counters":[34,203],"StoneCalendar":[274],"Omamori":2,"Bag of Preparation":[20],"Letter Opener":[544],"Whetstone":["Strike_R","Bash"],"Question Card":24,"Cursed Key":1,"Burning Blood":204,"Sundial":[42],"Gambling Chip":[33],"Bottled Lightning":"Offering","obtain_stats":[{"Gremlin Horn":30,"Mango":0,"StoneCalendar":11,"Thread and Needle":27,"Omamori":8,"Bag of Preparation":38,"Letter Opener":9,"Whetstone":24,"Question Card":26,"Cursed Key":34,"Burning Blood":0,"Anchor":55,"Sundial":45,"Gambling Chip":41,"Orrery":38,"Bottled Lightning":42,"Unceasing Top":37,"Paper Frog":6,"Runic Pyramid":17,"Meat on the Bone":20},{"Gremlin Horn":19,"Mango":0,"StoneCalendar":7,"Thread and Needle":16,"Omamori":6,"Bag of Preparation":24,"Letter Opener":6,"Whetstone":14,"Question Card":15,"Cursed Key":21,"Burning Blood":0,"Anchor":33,"Sundial":28,"Gambling Chip":26,"Orrery":24,"Bottled Lightning":27,"Unceasing Top":24,"Paper Frog":5,"Runic Pyramid":10,"Meat on the Bone":11},{"Gremlin Horn":92,"Mango":0,"StoneCalendar":28,"Thread and Needle":74,"Omamori":24,"Bag of Preparation":117,"Letter Opener":24,"Whetstone":63,"Question Card":70,"Cursed Key":103,"Burning Blood":0,"Anchor":191,"Sundial":140,"Gambling Chip":126,"Orrery":117,"Bottled Lightning":133,"Unceasing Top":117,"Paper Frog":20,"Runic Pyramid":46,"Meat on the Bone":50}],"Unceasing Top":[1],"Meat on the Bone":84},"card_choices":[{"not_picked":["Rampage","Clash"],"picked":"Inflame","floor":1},{"not_picked":["Heavy Blade","Spot Weakness"],"picked":"Clothesline","floor":2},{"not_picked":["Battle Trance","Sword Boomerang"],"picked":"Immolate","floor":4},{"not_picked":["Fire Breathing","Thunderclap"],"picked":"Bloodletting","floor":5},{"not_picked":["Anger","Sentinel"],"picked":"Blood for Blood","floor":6},{"not_picked":["Shrug It Off","Heavy Blade"],"picked":"Disarm","floor":8},{"not_picked":["Rupture","Demon Form"],"picked":"Armaments","floor":11},{"not_picked":["Dual Wield","Twin Strike"],"picked":"Shrug It Off","floor":12},{"not_picked":["Cleave","Clothesline","Armaments"],"picked":"SKIP","floor":13},{"not_picked":["Juggernaut","Exhume"],"picked":"Fiend Fire","floor":16},{"not_picked":["Cleave","Perfected Strike","Wild Strike"],"picked":"SKIP","floor":18},{"not_picked":["Reckless Charge","Carnage+1"],"picked":"Disarm","floor":21},{"not_picked":["Heavy Blade","Armaments"],"picked":"Shrug It Off+1","floor":22},{"not_picked":["Wild Strike","Armaments"],"picked":"Flame Barrier","floor":24},{"not_picked":["Sword Boomerang","Pummel"],"picked":"Shockwave+1","floor":25},{"not_picked":["Sword Boomerang","Havoc","Clash"],"picked":"Barricade","floor":27},{"not_picked":["Twin Strike+1","Havoc","Body Slam","Clothesline"],"picked":"SKIP","floor":28},{"not_picked":["Wild Strike","Blood for Blood","Sever Soul","Clothesline"],"picked":"SKIP","floor":30},{"not_picked":["Warcry","Rupture+1","Sentinel"],"picked":"Exhume","floor":31},{"not_picked":["Reaper","Berserk","Immolate"],"picked":"Corruption","floor":33},{"not_picked":["Clash","Armaments","Iron Wave","Flame Barrier"],"picked":"SKIP","floor":35},{"not_picked":["Evolve","Cleave+1","Body Slam","Flex"],"picked":"SKIP","floor":36},{"not_picked":["Searing Blow","Inflame","Wild Strike"],"picked":"Shrug It Off","floor":37},{"not_picked":["Cleave","Heavy Blade+1","Ghostly Armor+1"],"picked":"Feel No Pain","floor":38},{"not_picked":["Battle Trance+1","Sever Soul","Fiend Fire"],"picked":"True Grit+1","floor":38},{"not_picked":["Warcry","Shrug It Off","Flex"],"picked":"Offering","floor":38},{"not_picked":["Cleave+1","Clash+1","Perfected Strike+1"],"picked":"Intimidate+1","floor":38},{"not_picked":["Clothesline","Perfected Strike","Sword Boomerang","Battle Trance"],"picked":"SKIP","floor":38},{"not_picked":["Rage+1","Anger","Clothesline"],"picked":"Burning Pact","floor":39},{"not_picked":["Iron Wave","Dropkick","Power Through","Pummel+1"],"picked":"SKIP","floor":41},{"not_picked":["Disarm","Havoc+1","Evolve"],"picked":"Exhume","floor":42},{"not_picked":["Clash+1","Anger","Double Tap"],"picked":"Warcry+1","floor":45},{"not_picked":["Mind Blast","PanicButton","Violence"],"picked":"Finesse","floor":46},{"not_picked":["Magnetism","Enlightenment","Jack Of All Trades"],"picked":"Chrysalis","floor":46},{"not_picked":["Panacea","Madness","Jack Of All Trades"],"picked":"Secret Technique","floor":46},{"not_picked":["Wild Strike+1","Thunderclap","Clothesline","Anger"],"picked":"SKIP","floor":47},{"not_picked":["Wild Strike+1","Thunderclap","Clothesline","Anger"],"picked":"SKIP","floor":47},{"not_picked":["Warcry","Blood for Blood","Reaper"],"picked":"Entrench+1","floor":48},{"not_picked":["Heavy Blade","Rage+1","Flex"],"picked":"Exhume","floor":55}],"player_experience":5918248,"relics_obtained":[{"floor":6,"key":"Paper Frog"},{"floor":8,"key":"Omamori"},{"floor":9,"key":"Letter Opener"},{"floor":11,"key":"StoneCalendar"},{"floor":24,"key":"Whetstone"},{"floor":26,"key":"Question Card"},{"floor":27,"key":"Thread and Needle"},{"floor":30,"key":"Gremlin Horn"},{"floor":37,"key":"Unceasing Top"},{"floor":41,"key":"Gambling Chip"},{"floor":42,"key":"Bottled Lightning"},{"floor":45,"key":"Sundial"},{"floor":55,"key":"Anchor"}],"event_choices":[{"damage_healed":0,"gold_gain":0,"player_choice":"Grow","damage_taken":0,"max_hp_gain":0,"max_hp_loss":0,"event_name":"Living Wall","floor":3,"gold_loss":0,"cards_upgraded":["Inflame"]},{"damage_healed":0,"gold_gain":0,"player_choice":"Searched \u00270\u0027 times","damage_taken":0,"max_hp_gain":0,"max_hp_loss":0,"event_name":"Dead Adventurer","floor":14,"gold_loss":0},{"damage_healed":0,"gold_gain":0,"player_choice":"Smashed Altar","damage_taken":0,"max_hp_gain":0,"max_hp_loss":0,"event_name":"Forgotten Altar","floor":19,"gold_loss":0,"cards_obtained":["Decay"]},{"damage_healed":0,"gold_gain":0,"player_choice":"Fight","damage_taken":0,"max_hp_gain":0,"max_hp_loss":0,"event_name":"Mysterious Sphere","floor":37,"gold_loss":0},{"damage_healed":0,"gold_gain":0,"player_choice":"Fight","damage_taken":0,"max_hp_gain":0,"max_hp_loss":0,"event_name":"MindBloom","floor":41,"gold_loss":0},{"damage_healed":0,"gold_gain":0,"player_choice":"Memory 3","damage_taken":10,"max_hp_gain":0,"max_hp_loss":0,"event_name":"SensoryStone","floor":46,"gold_loss":0}],"is_beta":false,"boss_relics":[{"not_picked":["Fusion Hammer","Runic Dome"],"picked":"Runic Pyramid"},{"not_picked":["Empty Cage","Philosopher\u0027s Stone"],"picked":"Cursed Key"}],"items_purged_floors":[54],"is_endless":false,"potions_floor_spawned":[1,5,8,13,21,22,27,28,35,36,45,48],"ascension_level":20,"potion_discard_per_floor":[[],[],[],[],[],[],[],[],[],[],[],[],[],[],[],[],[],[],[],[],[],["SpeedPotion"],[],[],[],[],[],["SkillPotion"],[],[],[],[],[],[],[],["BlessingOfTheForge"],[],[],[],[],[],[],[],[],[],[],[],[],[],[],[],[],[],[],[],[],[]]}