{"neow_bonuses_skipped_log":["THREE_CARDS","THREE_ENEMY_KILL","TRANSFORM_TWO_CARDS"],"neow_costs_skipped_log":["NONE","NONE","CURSE"],"potions_obtained_entropic_brew":[[],[],[],[],[],[],[],[],[],[],[],[],[],[],[],[]],"gold_per_floor":[118,130,95,115,26,26,59,59,86,100,100,116,116,141,141,141],"floor_reached":16,"playtime":750,"items_purged":[],"score":220,"play_id":"41161e7c-8604-4bd8-9d88-8f0ebd3f95f9","local_time":"20240219161619","score_breakdown":["Floors Climbed (16): 80","Enemies Slain (5): 10","Exordium Elites Killed (2): 20","Bosses Slain (0): 0","Ascension (20): 110"],"is_ascension_mode":true,"potions_obtained_alchemize":[[],[],[],[],[],[],[],[],[],[],[],[],[],[],[],[]],"campfire_choices":[{"data":"Defragment","floor":6,"key":"SMITH"},{"data":"Melter","floor":13,"key":"SMITH"},{"data":"Recycle","floor":15,"key":"SMITH"}],"lesson_learned_per_floor":[[],[],[],[],[],[],[],[],[],[],[],[],[],[],[],[]],"neow_cost":"NONE","improvable_cards":{},"seed_source_timestamp":10547468051151,"shop_contents":[{"floor":5,"relics":["Matryoshka","Whetstone","Runic Capacitor"],"cards":["Go for the Eyes","Stack","Static Discharge","Purity","Chrysalis"],"potions":["Regen Potion","Fruit Juice","Dexterity Potion"]}],"circlet_count":0,"master_deck":["AscendersBane","Strike_B","Strike_B","Strike_B","Strike_B","Defend_B","Defend_B","Defend_B","Defend_B","Zap","Dualcast","Conserve Battery","Defragment+1","Chill+1","Undo","Rebound","Melter+1","Recycle+1"],"potion_use_per_floor":[[],[],[],[],[],[],[],[],[],[],[],[],[],["SpeedPotion"],[],["GamblersBrew"]],"relics":["Busted Crown","StrikeDummy","PreservedInsect","Emotion Chip"],"potions_floor_usage":[14,16],"damage_taken":[{"damage":12,"enemies":"Jaw Worm","floor":1,"turns":3},{"damage":10,"enemies":"Small Slimes","floor":2,"turns":4},{"damage":0,"enemies":"2 Louse","floor":4,"turns":3},{"damage":5,"enemies":"3 Sentries","floor":7,"turns":35},{"damage":3,"enemies":"Large Slime","floor":10,"turns":7},{"damage":8,"enemies":"Exordium Thugs","floor":12,"turns":6},{"damage":17,"enemies":"Gremlin Nob","floor":14,"turns":4},{"damage":26,"enemies":"The Guardian","floor":16,"turns":7}],"green_key_taken_log":7,"seed_played":"7835239288435627262","neow_bonus_log":{"cardsObtained":[],"cardsUpgraded":[],"cardsRemoved":[],"cardsTransformed":[],"relicsObtained":["Busted Crown"],"maxHpGained":0,"goldGained":0,"damageTaken":0,"goldLost":0,"maxHpLost":0},"potions_obtained":[{"floor":4,"key":"SpeedPotion"},{"floor":10,"key":"GamblersBrew"}],"is_trial":false,"path_per_floor":["M","M","?","M","$","R","E","?","T","M","?","M","R","E","R","B"],"character_chosen":"DEFECT","basemod:card_modifiers":[null,null,null,null,null,null,null,null,null,null,null,null,null,null,null,null,null,null],"items_purchased":["Undo","Rebound"],"campfire_rested":0,"item_purchase_floors":[5,5],"current_hp_per_floor":[52,42,59,59,59,59,54,54,54,51,51,43,43,26,26,0],"gold":141,"neow_bonus":"BOSS_RELIC","is_prod":false,"is_daily":false,"rewards_skipped":[],"chose_seed":false,"campfire_upgraded":3,"win_rate":0,"floor_exit_playtime":[81,113,119,148,172,178,431,442,445,501,529,595,600,648,653],"timestamp":1708377379,"path_taken":["M","M","?","M","$","R","E","?","T","M","?","M","R","E","R","BOSS"],"build_version":"2022-12-18","purchased_purges":0,"victory":false,"max_hp_per_floor":[71,71,71,71,71,71,71,71,71,71,71,71,71,71,71,71],"relic_stats":{"Emotion Chip":[2,1,1,0,0],"Busted Crown":14,"counters":[8,69],"PreservedInsect":22,"obtain_stats":[{"Emotion Chip":14,"Busted Crown":0,"PreservedInsect":9,"Cracked Core":0,"StrikeDummy":7},{"Emotion Chip":7,"Busted Crown":0,"PreservedInsect":4,"Cracked Core":0,"StrikeDummy":4},{"Emotion Chip":62,"Busted Crown":0,"PreservedInsect":45,"Cracked Core":0,"StrikeDummy":45}]},"card_choices":[{"not_picked":[],"picked":"Conserve Battery","floor":1},{"not_picked":[],"picked":"Defragment","floor":2},{"not_picked":[],"picked":"Chill","floor":4},{"not_picked":["Barrage"],"picked":"SKIP","floor":7},{"not_picked":[],"picked":"Melter","floor":12},{"not_picked":[],"picked":"Recycle","floor":14}],"player_experience":6194689,"relics_obtained":[{"floor":7,"key":"StrikeDummy"},{"floor":9,"key":"PreservedInsect"},{"floor":14,"key":"Emotion Chip"}],"event_choices":[{"damage_healed":17,"gold_gain":0,"player_choice":"Healed","damage_taken":0,"max_hp_gain":0,"max_hp_loss":0,"event_name":"The Cleric","floor":3,"gold_loss":35},{"damage_healed":0,"gold_gain":0,"player_choice":"Ignored","damage_taken":0,"max_hp_gain":0,"max_hp_loss":0,"event_name":"Shining Light","floor":8,"gold_loss":0},{"damage_healed":0,"gold_gain":0,"player_choice":"Upgraded","damage_taken":0,"max_hp_gain":0,"max_hp_loss":0,"event_name":"Upgrade Shrine","floor":11,"gold_loss":0,"cards_upgraded":["Chill"]}],"is_beta":false,"boss_relics":[],"items_purged_floors":[],"is_endless":false,"potions_floor_spawned":[4,10],"killed_by":"The Guardian","ascension_level":20,"potion_discard_per_floor":[[],[],[],[],[],[],[],[],[],[],[],[],[],[],[],[]]}