{"neow_bonuses_skipped_log":["TRANSFORM_CARD","TRANSFORM_TWO_CARDS","BOSS_RELIC"],"potions_obtained_entropic_brew":[[],[],[],[],[],[],[],[],[],[],[],[],[],[],[],[],[],[],[],[],[],[],[],[],[],[],[],[],[],[],[],[],[],[],[],[],[],[],[],[],[],[],[],[],[],[],[],[],[],[],[],[],[],[],[],[],[]],"neow_costs_skipped_log":["NONE","PERCENT_DAMAGE","NONE"],"gold_per_floor":[210,223,239,239,259,273,56,84,84,118,177,177,177,216,216,312,312,336,336,154,178,92,92,110,151,174,217,245,277,289,345,357,458,470,501,533,570,582,618,666,678,734,746,778,790,845,479,497,497,497,497,497,497,207,245,245],"floor_reached":57,"playtime":4839,"items_purged":["Bash","Strike_R","Strike_R"],"score":2969,"play_id":"73893b02-baab-47bc-9728-428e365eafd9","local_time":"20240218162650","falling_options_log":["Disarm+1","Feel No Pain+1"],"score_breakdown":["Floors Climbed (57): 285","Enemies Slain (16): 32","Exordium Elites Killed (3): 30","City Elites Killed (3): 60","Beyond Elites Killed (3): 90","Bosses Slain (5): 750","Money Money (1339): 25","Collector (2): 50","Champion (2): 50","Overkill: 25","Ascension (20): 1322","Heartbreaker: 250"],"is_ascension_mode":true,"potions_obtained_alchemize":[[],[],[],[],[],[],[],[],[],[],[],[],[],[],[],[],[],[],[],[],[],[],[],[],[],[],[],[],[],[],[],[],[],[],[],[],[],[],[],[],[],[],[],[],[],[],[],[],[],[],[],[],[],[],[],[],[]],"campfire_choices":[{"data":"Wild Strike","floor":12,"key":"SMITH"},{"data":"Immolate","floor":15,"key":"SMITH"},{"data":"Fiend Fire","floor":23,"key":"SMITH"},{"data":"Disarm","floor":30,"key":"SMITH"},{"data":"Feel No Pain","floor":32,"key":"SMITH"},{"floor":41,"key":"RECALL"},{"data":"Barricade","floor":45,"key":"SMITH"},{"data":"Disarm","floor":49,"key":"SMITH"},{"floor":53,"key":"REST"}],"lesson_learned_per_floor":[[],[],[],[],[],[],[],[],[],[],[],[],[],[],[],[],[],[],[],[],[],[],[],[],[],[],[],[],[],[],[],[],[],[],[],[],[],[],[],[],[],[],[],[],[],[],[],[],[],[],[],[],[],[],[],[],[]],"neow_cost":"NONE","improvable_cards":{},"seed_source_timestamp":6944399679311,"shop_contents":[{"floor":7,"relics":["Bronze Scales","StrikeDummy"],"cards":["Hemokinesis","Searing Blow","Infernal Blade","Ghostly Armor","Combust","Good Instincts","Secret Technique"],"potions":["Weak Potion","FairyPotion"]},{"floor":20,"relics":["Turnip","Molten Egg 2","HandDrill"],"cards":["Carnage","Hemokinesis","Warcry","Infernal Blade","Dark Embrace","Panacea","Magnetism"],"potions":["SkillPotion","CultistPotion"]},{"floor":22,"relics":["Prayer Wheel","Omamori","Toolbox"],"cards":["Immolate","Carnage","True Grit","Sentinel","Good Instincts","Master of Strategy"],"potions":["FearPotion","Explosive Potion","EntropicBrew"]},{"floor":47,"relics":["Blood Vial","Strange Spoon"],"cards":["Perfected Strike","Ghostly Armor","True Grit","Dark Embrace","Blind","Chrysalis"],"potions":["Regen Potion","Energy Potion"]},{"floor":54,"relics":["Sundial","Ice Cream"],"cards":["Clothesline","Body Slam","Bloodletting","Flame Barrier","Dark Embrace","Jack Of All Trades","HandOfGreed"],"potions":["PowerPotion","BloodPotion","Weak Potion"]}],"circlet_count":0,"master_deck":["AscendersBane","Strike_R","Defend_R","Defend_R","Defend_R","Defend_R","Shockwave","Evolve","Disarm+1","Wild Strike+1","Shockwave","Power Through","Immolate+1","Fiend Fire+1","Shockwave+1","Ghostly","Ghostly","Ghostly","Feel No Pain+1","Shockwave+1","Shrug It Off","Shrug It Off","Feed","Pommel Strike+1","Disarm+1","Shrug It Off","Shrug It Off","Barricade+1","Heavy Blade","Armaments+1"],"potion_use_per_floor":[[],[],[],[],[],["SkillPotion"],[],["Dexterity Potion","Explosive Potion"],[],[],[],[],[],["EssenceOfSteel"],[],[],[],["SteroidPotion"],[],[],["Fruit Juice"],[],[],[],[],[],[],[],[],[],[],[],[],[],[],[],[],[],[],[],[],[],[],[],[],[],[],[],[],[],[],[],[],[],[],["DuplicationPotion","GamblersBrew"],[]],"relics":["Burning Blood","Brimstone","Happy Flower","Ornamental Fan","Champion Belt","Golden Idol","Dead Branch","Velvet Choker","WingedGreaves","MawBank","Pantograph","Pen Nib","Cursed Key","Shuriken","InkBottle","Bottled Lightning","Orichalcum","Frozen Eye","Akabeko"],"potions_floor_usage":[6,8,8,14,18,21,56,56],"damage_taken":[{"damage":11,"enemies":"Small Slimes","floor":1,"turns":5},{"damage":0,"enemies":"Cultist","floor":2,"turns":4},{"damage":5,"enemies":"2 Louse","floor":3,"turns":4},{"damage":12,"enemies":"Blue Slaver","floor":5,"turns":8},{"damage":6,"enemies":"Gremlin Gang","floor":6,"turns":6},{"damage":24,"enemies":"3 Sentries","floor":8,"turns":5},{"damage":12,"enemies":"Lagavulin","floor":10,"turns":4},{"damage":3,"enemies":"Gremlin Nob","floor":11,"turns":3},{"damage":11,"enemies":"3 Sentries","floor":14,"turns":7},{"damage":20,"enemies":"Slime Boss","floor":16,"turns":6},{"damage":24,"enemies":"3 Byrds","floor":18,"turns":5},{"damage":0,"enemies":"2 Thieves","floor":21,"turns":2},{"damage":0,"enemies":"Sentry and Sphere","floor":24,"turns":2},{"damage":0,"enemies":"Gremlin Leader","floor":25,"turns":3},{"damage":5,"enemies":"Slavers","floor":27,"turns":5},{"damage":0,"enemies":"3 Cultists","floor":28,"turns":4},{"damage":0,"enemies":"Snecko","floor":29,"turns":3},{"damage":5,"enemies":"Gremlin Leader","floor":31,"turns":6},{"damage":22,"enemies":"Collector","floor":33,"turns":5},{"damage":1,"enemies":"3 Shapes","floor":35,"turns":8},{"damage":14,"enemies":"3 Darklings","floor":36,"turns":12},{"damage":0,"enemies":"Writhing Mass","floor":37,"turns":11},{"damage":5,"enemies":"4 Shapes","floor":39,"turns":72},{"damage":29,"enemies":"Reptomancer","floor":40,"turns":11},{"damage":14,"enemies":"Nemesis","floor":42,"turns":9},{"damage":12,"enemies":"Sphere and 2 Shapes","floor":44,"turns":8},{"damage":0,"enemies":"Reptomancer","floor":46,"turns":2},{"damage":0,"enemies":"Jaw Worm Horde","floor":48,"turns":9},{"damage":13,"enemies":"Awakened One","floor":50,"turns":20},{"damage":49,"enemies":"Donu and Deca","floor":51,"turns":13},{"damage":12,"enemies":"Shield and Spear","floor":55,"turns":6},{"damage":11,"enemies":"The Heart","floor":56,"turns":8}],"green_key_taken_log":31,"seed_played":"2939540335392465901","neow_bonus_log":{"cardsObtained":[],"cardsUpgraded":[],"cardsRemoved":[],"cardsTransformed":[],"relicsObtained":[],"maxHpGained":0,"goldGained":100,"damageTaken":0,"goldLost":0,"maxHpLost":0},"potions_obtained":[{"floor":3,"key":"SkillPotion"},{"floor":6,"key":"Dexterity Potion"},{"floor":8,"key":"EssenceOfSteel"},{"floor":11,"key":"ColorlessPotion"},{"floor":14,"key":"DuplicationPotion"},{"floor":16,"key":"SteroidPotion"},{"floor":18,"key":"Energy Potion"},{"floor":21,"key":"DuplicationPotion"}],"is_trial":false,"path_per_floor":["M","M","M","?","M","M","$","E","T","E","?","R","?","E","R","B",null,"M","?","$","M","$","R","M","E","T","E","M","M","R","E","R","B",null,"M","M","M","?","M","E","R","E","T","M","R","E","$","M","R","B","B",null,"R","$","E","B",null],"character_chosen":"IRONCLAD","basemod:card_modifiers":[null,null,null,null,null,null,null,null,null,null,null,null,null,null,null,null,null,null,null,null,null,null,null,null,null,null,null,null,null,null],"items_purchased":["Brimstone","Explosive Potion","Fruit Juice","Feel No Pain","Heavy Blade","Orichalcum","GamblersBrew","Frozen Eye"],"campfire_rested":1,"item_purchase_floors":[7,7,20,22,47,47,47,54],"current_hp_per_floor":[63,69,70,70,64,64,64,46,46,40,43,43,43,38,38,24,57,39,34,34,39,39,39,39,39,39,39,39,39,39,39,39,23,35,42,38,47,47,57,37,37,32,32,29,29,35,35,48,48,69,40,72,83,83,77,78],"gold":245,"neow_bonus":"HUNDRED_GOLD","is_prod":false,"is_daily":false,"rewards_skipped":[{"floor":29,"relics":[],"potions":["SkillPotion"]},{"floor":31,"relics":[],"potions":["DistilledChaos"]},{"floor":33,"relics":[],"potions":["Regen Potion"]},{"floor":35,"relics":[],"potions":["Explosive Potion"]},{"floor":37,"relics":[],"potions":["EssenceOfSteel"]},{"floor":46,"relics":[],"potions":["EntropicBrew"]}],"chose_seed":false,"campfire_upgraded":7,"win_rate":0,"floor_exit_playtime":[74,114,167,181,247,323,346,409,427,464,487,506,514,613,619,708,738,928,978,1022,1051,1067,1074,1109,1152,1156,1231,1284,1317,1325,1435,1443,1560,1596,1727,1922,2068,2075,2999,3237,3250,3407,3418,3576,3584,3722,3757,3913,3925,4178,4413,4425,4441,4484,4652,4839],"timestamp":1708291610,"blue_key_relic_skipped_log":{"floor":9,"relicID":"Darkstone Periapt"},"path_taken":["M","M","M","?","M","M","$","E","T","E","?","R","?","E","R","BOSS","M","?","$","M","?","R","M","E","T","E","?","M","R","E","R","BOSS","M","M","M","?","M","E","R","E","T","M","R","E","$","M","R","BOSS","BOSS","R","$","E","BOSS"],"build_version":"2022-12-18","purchased_purges":3,"victory":true,"max_hp_per_floor":[75,75,75,75,75,75,75,75,75,75,75,75,68,68,68,68,68,68,34,34,39,39,39,39,39,39,39,39,39,39,39,39,39,39,42,46,49,49,58,61,61,64,64,67,67,67,67,74,74,77,83,83,83,83,83,83],"relic_stats":{"Happy Flower":[81],"counters":[32,276],"Golden Idol":207,"Dead Branch":[686],"Pen Nib":[12],"Orichalcum":[30],"MawBank":252,"Cursed Key":0,"Burning Blood":159,"Frozen Eye":64.71409,"Ornamental Fan":[56],"Shuriken":[4],"Pantograph":39,"WingedGreaves":3,"Champion Belt":[125],"Bottled Lightning":"Disarm","obtain_stats":[{"Happy Flower":8,"Golden Idol":13,"Dead Branch":14,"Velvet Choker":17,"Pen Nib":31,"Orichalcum":47,"MawBank":26,"Cursed Key":34,"Burning Blood":0,"Akabeko":55,"Frozen Eye":54,"Brimstone":7,"Ornamental Fan":10,"Shuriken":40,"Pantograph":27,"WingedGreaves":25,"Champion Belt":11,"Bottled Lightning":46,"InkBottle":42},{"Happy Flower":6,"Golden Idol":8,"Dead Branch":9,"Velvet Choker":10,"Pen Nib":18,"Orichalcum":27,"MawBank":14,"Cursed Key":19,"Burning Blood":0,"Akabeko":31,"Frozen Eye":30,"Brimstone":5,"Ornamental Fan":7,"Shuriken":24,"Pantograph":15,"WingedGreaves":14,"Champion Belt":8,"Bottled Lightning":27,"InkBottle":25},{"Happy Flower":32,"Golden Idol":39,"Dead Branch":46,"Velvet Choker":52,"Pen Nib":82,"Orichalcum":220,"MawBank":64,"Cursed Key":87,"Burning Blood":0,"Akabeko":268,"Frozen Eye":262,"Brimstone":27,"Ornamental Fan":36,"Shuriken":201,"Pantograph":69,"WingedGreaves":64,"Champion Belt":39,"Bottled Lightning":220,"InkBottle":210}],"InkBottle":[26]},"card_choices":[{"not_picked":["Blood for Blood","Pommel Strike"],"picked":"Shockwave","floor":1},{"not_picked":["Wild Strike","True Grit","Flex"],"picked":"SKIP","floor":2},{"not_picked":["Wild Strike","Seeing Red"],"picked":"Evolve","floor":3},{"not_picked":["Thunderclap","Armaments"],"picked":"Wild Strike","floor":5},{"not_picked":["Limit Break","Fire Breathing","Heavy Blade"],"picked":"SKIP","floor":6},{"not_picked":["Warcry","Rupture","Dual Wield"],"picked":"SKIP","floor":8},{"not_picked":["Bludgeon","Clash"],"picked":"Shockwave","floor":10},{"not_picked":["Pommel Strike","Anger"],"picked":"Power Through","floor":11},{"not_picked":["Blood for Blood","Body Slam"],"picked":"Immolate","floor":14},{"not_picked":["Barricade","Brutality"],"picked":"Fiend Fire","floor":16},{"not_picked":["Bloodletting","Perfected Strike"],"picked":"Shockwave+1","floor":18},{"not_picked":["Twin Strike","Reckless Charge","Havoc"],"picked":"SKIP","floor":21},{"not_picked":["Perfected Strike","Clothesline","Sentinel"],"picked":"SKIP","floor":24},{"not_picked":["Infernal Blade","Flex","Thunderclap"],"picked":"SKIP","floor":25},{"not_picked":["Evolve","Perfected Strike"],"picked":"Shockwave+1","floor":27},{"not_picked":["Pummel","Iron Wave"],"picked":"Shrug It Off","floor":28},{"not_picked":["Iron Wave","Twin Strike"],"picked":"Shrug It Off","floor":29},{"not_picked":["Thunderclap","Evolve","Clothesline+1"],"picked":"SKIP","floor":31},{"not_picked":["Berserk","Reaper"],"picked":"Feed","floor":33},{"not_picked":["Sword Boomerang","Dark Embrace","Rage"],"picked":"SKIP","floor":35},{"not_picked":["Warcry+1","Sever Soul"],"picked":"Pommel Strike+1","floor":36},{"not_picked":["Metallicize","Warcry"],"picked":"Disarm","floor":37},{"not_picked":["Wild Strike","Cleave+1"],"picked":"Shrug It Off","floor":39},{"not_picked":["Wild Strike","Havoc"],"picked":"Shrug It Off","floor":40},{"not_picked":["Rupture+1","Dual Wield","Entrench"],"picked":"SKIP","floor":42},{"not_picked":["Sentinel","Anger"],"picked":"Barricade","floor":44},{"not_picked":["Evolve+1","Dark Embrace","Dropkick"],"picked":"SKIP","floor":46},{"not_picked":["Wild Strike","Bloodletting"],"picked":"Armaments+1","floor":48},{"not_picked":["Armaments","Wild Strike","True Grit"],"picked":"SKIP","floor":55}],"player_experience":6171638,"relics_obtained":[{"floor":8,"key":"Happy Flower"},{"floor":10,"key":"Ornamental Fan"},{"floor":11,"key":"Champion Belt"},{"floor":14,"key":"Dead Branch"},{"floor":25,"key":"WingedGreaves"},{"floor":26,"key":"MawBank"},{"floor":27,"key":"Pantograph"},{"floor":31,"key":"Pen Nib"},{"floor":40,"key":"Shuriken"},{"floor":42,"key":"InkBottle"},{"floor":46,"key":"Bottled Lightning"},{"floor":55,"key":"Akabeko"}],"event_choices":[{"damage_healed":0,"gold_gain":0,"cards_transformed":["Strike_R"],"player_choice":"Change","damage_taken":0,"max_hp_gain":0,"max_hp_loss":0,"event_name":"Living Wall","floor":4,"gold_loss":0,"cards_obtained":["Disarm"]},{"damage_healed":0,"gold_gain":30,"player_choice":"Searched \u00273\u0027 times","damage_taken":0,"max_hp_gain":0,"max_hp_loss":0,"event_name":"Dead Adventurer","floor":11,"gold_loss":0},{"damage_healed":0,"gold_gain":0,"player_choice":"Lose Max HP","damage_taken":0,"relics_obtained":["Golden Idol"],"max_hp_gain":0,"max_hp_loss":7,"event_name":"Golden Idol","floor":13,"gold_loss":0},{"damage_healed":0,"gold_gain":0,"player_choice":"Became a Ghost","damage_taken":0,"max_hp_gain":0,"max_hp_loss":34,"event_name":"Ghosts","floor":19,"gold_loss":0,"cards_obtained":["Ghostly","Ghostly","Ghostly"]},{"cards_removed":["Strike_R"],"damage_healed":0,"gold_gain":0,"player_choice":"Removed Attack","damage_taken":0,"max_hp_gain":0,"max_hp_loss":0,"event_name":"Falling","floor":38,"gold_loss":0}],"is_beta":false,"boss_relics":[{"not_picked":["Empty Cage","Philosopher\u0027s Stone"],"picked":"Velvet Choker"},{"not_picked":["SlaversCollar","Astrolabe"],"picked":"Cursed Key"}],"items_purged_floors":[20,47,54],"is_endless":false,"potions_floor_spawned":[3,6,8,11,14,16,18,21,29,31,33,35,37,46],"ascension_level":20,"potion_discard_per_floor":[[],[],[],[],[],[],[],[],[],[],[],[],[],[],[],["ColorlessPotion"],[],[],[],["Energy Potion"],[],[],[],[],[],[],[],[],[],[],[],[],[],[],[],[],[],[],[],[],[],[],[],[],[],[],["DuplicationPotion"],[],[],[],[],[],[],[],[],[],[]]}