{"neow_bonuses_skipped_log":["REMOVE_CARD","THREE_SMALL_POTIONS","BOSS_RELIC"],"potions_obtained_entropic_brew":[[],[],[],[],[],[],[],[],[],[],[],[],[],[],[],[],[],[],[],[]],"neow_costs_skipped_log":["NONE","NONE","NONE"],"gold_per_floor":[361,371,381,31,49,74,74,149,149,149,161,161,172,191,191,262,262,275,275,275],"floor_reached":20,"playtime":1123,"items_purged":[],"score":352,"play_id":"18a3de4c-0c24-4104-a38a-6573e0c53535","local_time":"20240216191341","score_breakdown":["Floors Climbed (20): 100","Enemies Slain (8): 16","Exordium Elites Killed (1): 10","City Elites Killed (0): 0","Bosses Slain (1): 50","Ascension (20): 176"],"is_ascension_mode":true,"potions_obtained_alchemize":[[],[],[],[],[],[],[],[],[],[],[],[],[],[],[],[],[],[],[],[]],"campfire_choices":[{"data":"Consume","floor":7,"key":"SMITH"},{"floor":10,"key":"REST"},{"data":"Discovery","floor":12,"key":"SMITH"},{"data":"Aggregate","floor":15,"key":"SMITH"}],"lesson_learned_per_floor":[[],[],[],[],[],[],[],[],[],[],[],[],[],[],[],[],[],[],[],[]],"neow_cost":"CURSE","improvable_cards":{},"seed_source_timestamp":15678113782215,"shop_contents":[{"floor":4,"relics":["Question Card","Molten Egg 2","Sling"],"cards":["Melter","Stack","Metamorphosis"],"potions":["SpeedPotion","FocusPotion","Fire Potion"]}],"circlet_count":0,"master_deck":["AscendersBane","Strike_B","Strike_B","Strike_B","Strike_B","Defend_B","Defend_B","Defend_B","Defend_B","Zap","Dualcast","Parasite","Compile Driver","Steam","Self Repair","Discovery+1","FTL","Aggregate+1","Consume+1","Capacitor+1","Conserve Battery","Buffer+1","CurseOfTheBell","Steam+1","Writhe"],"potion_use_per_floor":[[],[],[],[],[],["ColorlessPotion"],[],[],[],[],[],[],[],[],[],[],[],[],[],["SkillPotion","FairyPotion"]],"relics":["Cracked Core","Matryoshka","HornCleat","Frozen Egg 2","Calling Bell","Juzu Bracelet","Mummified Hand","Prayer Wheel","Ancient Tea Set"],"potions_floor_usage":[6,20],"damage_taken":[{"damage":4,"enemies":"Small Slimes","floor":1,"turns":3},{"damage":1,"enemies":"Cultist","floor":2,"turns":4},{"damage":0,"enemies":"2 Louse","floor":3,"turns":2},{"damage":20,"enemies":"Exordium Wildlife","floor":5,"turns":5},{"damage":30,"enemies":"3 Sentries","floor":6,"turns":7},{"damage":8,"enemies":"Blue Slaver","floor":11,"turns":4},{"damage":2,"enemies":"3 Louse","floor":13,"turns":52},{"damage":0,"enemies":"2 Fungi Beasts","floor":14,"turns":4},{"damage":30,"enemies":"Hexaghost","floor":16,"turns":11},{"damage":0,"enemies":"Chosen","floor":18,"turns":5},{"damage":95,"enemies":"Masked Bandits","floor":20,"turns":5}],"seed_played":"-4894225000573053142","neow_bonus_log":{"cardsObtained":["Parasite"],"cardsUpgraded":[],"cardsRemoved":[],"cardsTransformed":[],"relicsObtained":[],"maxHpGained":0,"goldGained":250,"damageTaken":0,"goldLost":0,"maxHpLost":0},"potions_obtained":[{"floor":1,"key":"SneckoOil"},{"floor":2,"key":"FearPotion"},{"floor":3,"key":"ColorlessPotion"},{"floor":11,"key":"FairyPotion"},{"floor":16,"key":"SkillPotion"}],"is_trial":false,"path_per_floor":["M","M","M","$","M","E","R","?","T","R","M","R","M","M","R","B",null,"M","?","?"],"character_chosen":"DEFECT","basemod:card_modifiers":[null,null,null,null,null,null,null,null,null,null,null,null,null,null,null,null,null,null,null,null,null,null,null,null,null],"items_purchased":["Self Repair","Discovery","FTL","Aggregate"],"campfire_rested":1,"item_purchase_floors":[4,4,4,4],"current_hp_per_floor":[60,59,59,59,46,23,23,12,12,33,32,32,51,58,58,35,62,69,69,0],"gold":275,"neow_bonus":"TWO_FIFTY_GOLD","is_prod":false,"is_daily":false,"rewards_skipped":[{"floor":18,"relics":[],"potions":["Strength Potion"]}],"chose_seed":false,"campfire_upgraded":3,"win_rate":0,"floor_exit_playtime":[63,93,115,168,252,372,379,384,391,394,444,456,803,839,846,961,987,1040,1057],"timestamp":1708128821,"path_taken":["M","M","M","$","M","E","R","?","T","R","M","R","M","M","R","BOSS","M","?","?"],"build_version":"2022-12-18","purchased_purges":0,"victory":false,"max_hp_per_floor":[71,71,71,71,71,71,71,71,71,71,71,71,71,71,71,71,71,71,71,71],"relic_stats":{"Matryoshka":1,"counters":[11,102],"Mummified Hand":[8],"Prayer Wheel":1,"Juzu Bracelet":2,"Ancient Tea Set":[0],"obtain_stats":[{"Calling Bell":17,"Matryoshka":6,"HornCleat":9,"Mummified Hand":17,"Prayer Wheel":17,"Juzu Bracelet":17,"Frozen Egg 2":9,"Cracked Core":0,"Ancient Tea Set":19},{"Calling Bell":9,"Matryoshka":5,"HornCleat":5,"Mummified Hand":9,"Prayer Wheel":9,"Juzu Bracelet":9,"Frozen Egg 2":5,"Cracked Core":0,"Ancient Tea Set":10},{"Calling Bell":92,"Matryoshka":21,"HornCleat":21,"Mummified Hand":92,"Prayer Wheel":92,"Juzu Bracelet":92,"Frozen Egg 2":21,"Cracked Core":0,"Ancient Tea Set":97}]},"card_choices":[{"not_picked":["Steam Power","Barrage"],"picked":"Compile Driver","floor":1},{"not_picked":["Storm","Beam Cell"],"picked":"Steam","floor":2},{"not_picked":["Gash","Heatsinks","Stack"],"picked":"SKIP","floor":5},{"not_picked":["Stack","Turbo"],"picked":"Consume","floor":6},{"not_picked":["Cold Snap","Reprogram"],"picked":"Capacitor+1","floor":13},{"not_picked":["Stack","Gash"],"picked":"Conserve Battery","floor":14},{"not_picked":["Multi-Cast","Reboot"],"picked":"Buffer+1","floor":16},{"not_picked":["Gash","Streamline+1"],"picked":"Steam+1","floor":18},{"not_picked":["Consume","Steam","Rip and Tear"],"picked":"SKIP","floor":18}],"player_experience":6120100,"relics_obtained":[{"floor":6,"key":"Matryoshka"},{"floor":9,"key":"HornCleat"},{"floor":9,"key":"Frozen Egg 2"},{"floor":17,"key":"Juzu Bracelet"},{"floor":17,"key":"Mummified Hand"},{"floor":17,"key":"Prayer Wheel"}],"event_choices":[{"damage_healed":0,"gold_gain":75,"player_choice":"Gather Gold","damage_taken":11,"max_hp_gain":0,"max_hp_loss":0,"event_name":"World of Goop","floor":8,"gold_loss":0},{"damage_healed":0,"gold_gain":0,"player_choice":"Opened","damage_taken":0,"relics_obtained":["Ancient Tea Set"],"max_hp_gain":0,"max_hp_loss":0,"event_name":"The Mausoleum","floor":19,"gold_loss":0,"cards_obtained":["Writhe"]},{"damage_healed":0,"gold_gain":0,"player_choice":"Fought Bandits","damage_taken":0,"max_hp_gain":0,"max_hp_loss":0,"event_name":"Masked Bandits","floor":20,"gold_loss":0}],"is_beta":false,"boss_relics":[{"not_picked":["Runic Dome","Ectoplasm"],"picked":"Calling Bell"}],"items_purged_floors":[],"is_endless":false,"potions_floor_spawned":[1,2,3,11,16,18],"killed_by":"Masked Bandits","ascension_level":20,"potion_discard_per_floor":[[],[],["SneckoOil"],[],[],[],[],[],[],[],[],[],[],[],[],["FearPotion"],[],[],[],[]]}