{"neow_bonuses_skipped_log":["TEN_PERCENT_HP_BONUS","TRANSFORM_TWO_CARDS","BOSS_RELIC"],"neow_costs_skipped_log":["NONE","NO_GOLD","NONE"],"potions_obtained_entropic_brew":[[],[],[],[],[],[],[],[],[],[],[],[],[],[],[],[]],"gold_per_floor":[110,121,136,211,136,165,165,196,196,231,257,277,277,277,277,277],"floor_reached":16,"playtime":545,"items_purged":["Defend_P"],"score":240,"play_id":"e28bd7d5-8c27-4b78-a51a-e3d02ecba00d","local_time":"20240223220427","score_breakdown":["Floors Climbed (16): 80","Enemies Slain (5): 10","Exordium Elites Killed (3): 30","Bosses Slain (0): 0","Ascension (20): 120"],"is_ascension_mode":true,"potions_obtained_alchemize":[[],[],[],[],[],[],[],[],[],[],[],[],[],[],[],[]],"campfire_choices":[{"data":"Eruption","floor":7,"key":"SMITH"},{"data":"EmptyFist","floor":15,"key":"SMITH"}],"lesson_learned_per_floor":[[],[],[],[],[],[],[],[],[],[],[],[],[],[],[],[]],"neow_cost":"NONE","improvable_cards":{},"seed_source_timestamp":26119011442199,"shop_contents":[{"floor":5,"relics":["Shuriken","Boot","Lee\u0027s Waffle"],"cards":["WheelKick","SashWhip","Perseverance","EmptyMind","Fasting2","Discovery","Chrysalis"],"potions":["FearPotion","Ancient Potion","GamblersBrew"]}],"circlet_count":0,"master_deck":["AscendersBane","Strike_P","Strike_P","Strike_P","Strike_P","Defend_P","Defend_P","Eruption+1","Vigilance","Alpha","Wallop","EmptyFist+1","Consecrate","CutThroughFate","FearNoEvil","InnerPeace"],"potion_use_per_floor":[[],[],[],[],[],["Regen Potion"],[],[],[],[],[],[],[],[],[],["BlessingOfTheForge","DuplicationPotion"]],"relics":["PureWater","MealTicket","Eternal Feather","Letter Opener","CeramicFish"],"potions_floor_usage":[6,16,16],"damage_taken":[{"damage":0,"enemies":"2 Louse","floor":1,"turns":3},{"damage":3,"enemies":"Jaw Worm","floor":2,"turns":3},{"damage":0,"enemies":"Cultist","floor":3,"turns":3},{"damage":7,"enemies":"3 Sentries","floor":6,"turns":6},{"damage":18,"enemies":"Lagavulin","floor":8,"turns":6},{"damage":21,"enemies":"3 Sentries","floor":10,"turns":6},{"damage":7,"enemies":"3 Louse","floor":11,"turns":2},{"damage":3,"enemies":"Lots of Slimes","floor":12,"turns":2},{"damage":18,"enemies":"Slime Boss","floor":16,"turns":4}],"seed_played":"6861817434354497118","neow_bonus_log":{"cardsObtained":["Alpha"],"cardsUpgraded":[],"cardsRemoved":[],"cardsTransformed":["Defend_P"],"relicsObtained":[],"maxHpGained":0,"goldGained":0,"damageTaken":0,"goldLost":0,"maxHpLost":0},"potions_obtained":[{"floor":3,"key":"Regen Potion"},{"floor":6,"key":"BlessingOfTheForge"},{"floor":8,"key":"DuplicationPotion"}],"is_trial":false,"path_per_floor":["M","M","M","?","$","E","R","E","T","E","M","M","?","?","R","B"],"character_chosen":"WATCHER","basemod:card_modifiers":[null,null,null,null,null,null,null,null,null,null,null,null,null,null,null,null],"items_purchased":[],"campfire_rested":0,"item_purchase_floors":[],"current_hp_per_floor":[61,58,58,47,47,55,55,37,37,16,9,6,6,1,10,0],"gold":277,"neow_bonus":"TRANSFORM_CARD","is_prod":false,"is_daily":false,"rewards_skipped":[],"chose_seed":false,"campfire_upgraded":2,"win_rate":0,"floor_exit_playtime":[66,94,131,134,158,243,249,306,308,359,394,445,454,461,471],"timestamp":1708743867,"path_taken":["M","M","M","?","$","E","R","E","T","E","M","?","?","?","R","BOSS"],"build_version":"2022-12-18","purchased_purges":1,"victory":false,"max_hp_per_floor":[68,68,68,68,68,68,68,68,68,68,68,68,68,68,68,68],"relic_stats":{"counters":[9,35],"CeramicFish":27,"MealTicket":0,"Eternal Feather":9,"Letter Opener":[15],"PureWater":[9],"obtain_stats":[{"CeramicFish":10,"MealTicket":6,"Eternal Feather":8,"Letter Opener":9,"PureWater":0},{"CeramicFish":6,"MealTicket":4,"Eternal Feather":5,"Letter Opener":5,"PureWater":0},{"CeramicFish":27,"MealTicket":15,"Eternal Feather":21,"Letter Opener":21,"PureWater":0}]},"card_choices":[{"not_picked":["Consecrate","EmptyBody"],"picked":"Wallop","floor":1},{"not_picked":["SashWhip","Consecrate"],"picked":"EmptyFist","floor":2},{"not_picked":["Halt","ClearTheMind"],"picked":"Consecrate","floor":3},{"not_picked":["Blasphemy","WheelKick","EmptyFist"],"picked":"SKIP","floor":8},{"not_picked":["SpiritShield","EmptyFist"],"picked":"CutThroughFate","floor":10},{"not_picked":["Halt","Worship"],"picked":"FearNoEvil","floor":11},{"not_picked":["EmptyFist","CrushJoints"],"picked":"InnerPeace","floor":12}],"player_experience":6283985,"relics_obtained":[{"floor":6,"key":"MealTicket"},{"floor":8,"key":"Eternal Feather"},{"floor":9,"key":"Letter Opener"},{"floor":10,"key":"CeramicFish"}],"event_choices":[{"damage_healed":0,"gold_gain":75,"player_choice":"Gather Gold","damage_taken":11,"max_hp_gain":0,"max_hp_loss":0,"event_name":"World of Goop","floor":4,"gold_loss":0},{"damage_healed":0,"gold_gain":0,"player_choice":"Ignored","damage_taken":0,"max_hp_gain":0,"max_hp_loss":0,"event_name":"Golden Wing","floor":13,"gold_loss":0},{"damage_healed":0,"gold_gain":0,"player_choice":"Fled","damage_taken":5,"max_hp_gain":0,"max_hp_loss":0,"event_name":"Scrap Ooze","floor":14,"gold_loss":0}],"is_beta":false,"boss_relics":[],"items_purged_floors":[5],"is_endless":false,"potions_floor_spawned":[3,6,8],"killed_by":"Slime Boss","ascension_level":20,"potion_discard_per_floor":[[],[],[],[],[],[],[],[],[],[],[],[],[],[],[],[]]}