{"neow_bonuses_skipped_log":["TRANSFORM_CARD","TWENTY_PERCENT_HP_BONUS","BOSS_RELIC"],"neow_costs_skipped_log":["NONE","CURSE","NONE"],"potions_obtained_entropic_brew":[[],[],[],[],[],[],[],[],[],[],[],[],[],[],[],[],[],[],[],[],[],[],[],[],[],[],[],[],[],[],[],[],[],[],[],[],[],[],[],[],[],[],[],[],[],[],[],[],[],[],[],[],[],[],[],[],[]],"gold_per_floor":[216,87,87,106,106,134,134,166,191,201,201,216,29,42,42,121,121,139,189,189,199,114,114,134,160,160,190,25,25,42,56,56,132,132,143,158,174,24,34,34,68,68,95,95,95,144,154,164,164,164,164,164,164,33,65,65],"floor_reached":57,"playtime":2075,"items_purged":["Defend_P","Strike_P","Defend_P","Strike_P"],"score":3114,"play_id":"9ccdc02b-cba9-4009-be77-459dd8b53a56","local_time":"20240215221420","score_breakdown":["Floors Climbed (57): 285","Enemies Slain (16): 32","Exordium Elites Killed (2): 20","City Elites Killed (2): 40","Beyond Elites Killed (1): 30","Bosses Slain (5): 750","Light Speed: 50","Highlander: 100","Pauper: 50","Stuffed: 50","Champion (3): 75","Perfect (1): 50","C-c-c-combo: 25","Ascension (20): 1307","Heartbreaker: 250"],"is_ascension_mode":true,"potions_obtained_alchemize":[[],[],[],[],[],[],[],[],[],[],[],[],[],[],[],[],[],[],[],[],[],[],[],[],[],[],[],[],[],[],[],[],[],[],[],[],[],[],[],[],[],[],[],[],[],[],[],[],[],[],[],[],[],[],[],[],[]],"campfire_choices":[{"data":"Eruption","floor":7,"key":"SMITH"},{"data":"FlurryOfBlows","floor":11,"key":"SMITH"},{"data":"Study","floor":15,"key":"SMITH"},{"data":"EmptyMind","floor":23,"key":"SMITH"},{"data":"Adaptation","floor":29,"key":"SMITH"},{"data":"TalkToTheHand","floor":32,"key":"SMITH"},{"floor":40,"key":"RECALL"},{"data":"InnerPeace","floor":42,"key":"SMITH"},{"data":"Vigilance","floor":44,"key":"SMITH"},{"data":"CutThroughFate","floor":49,"key":"SMITH"},{"floor":53,"key":"REST"}],"lesson_learned_per_floor":[[],[],[],[],[],[],[],[],[],[],[],[],[],[],[],[],[],[],[],[],[],[],[],[],[],[],[],[],[],[],[],[],[],[],[],[],[],[],[],[],[],[],[],[],[],[],[],[],[],[],[],[],[],[],[],[],[]],"neow_cost":"NONE","improvable_cards":{},"seed_source_timestamp":18945785410042,"shop_contents":[{"floor":2,"relics":["Toy Ornithopter","Ice Cream","Melange"],"cards":["SandsOfTime","Halt","Perseverance","Study","Swift Strike","Thinking Ahead"],"potions":["PowerPotion","SteroidPotion","GamblersBrew"]},{"floor":13,"relics":["Lantern","Gremlin Horn","Toolbox"],"cards":["CutThroughFate","Evaluate","Meditate","DevaForm","Discovery","Metamorphosis"],"potions":["DuplicationPotion","Swift Potion","AttackPotion"]},{"floor":28,"relics":["Strawberry","Bag of Preparation","Lee\u0027s Waffle"],"cards":["FollowUp","SashWhip","ClearTheMind","Crescendo","Panacea","Chrysalis"],"potions":["SpeedPotion","SneckoOil","Block Potion"]},{"floor":38,"relics":["Pantograph","Letter Opener","Frozen Eye"],"cards":["BowlingBash","FlurryOfBlows","Blasphemy","PathToVictory","LikeWater","Bandage Up","Chrysalis"],"potions":["AttackPotion","Explosive Potion","DuplicationPotion"]},{"floor":54,"relics":["Kunai","Art of War","Chemical X"],"cards":["Tantrum","Conclude","ThirdEye","Meditate","MentalFortress","Forethought","Chrysalis"],"potions":["Regen Potion"]}],"circlet_count":0,"master_deck":["AscendersBane","Strike_P+1","Eruption+1","Vigilance+1","FlurryOfBlows+1","CutThroughFate+1","CarveReality","Study+1","Tantrum+1","InnerPeace+1","EmptyMind+1","TalkToTheHand+1","Adaptation+1"],"potion_use_per_floor":[[],[],[],[],[],[],[],["SteroidPotion"],[],[],[],[],[],[],[],[],[],[],[],[],[],[],[],[],["Regen Potion"],[],["Fire Potion"],[],[],[],[],[],[],[],[],[],[],[],[],[],[],[],[],[],[],[],[],[],[],[],["Ancient Potion","SteroidPotion"],[],[],[],[],["Swift Potion","LiquidMemories"],[]],"relics":["PureWater","Singing Bowl","Ancient Tea Set","Bag of Marbles","Empty Cage","Anchor","Ornamental Fan","Meat on the Bone","Whetstone","VioletLotus","GoldenEye","Mercury Hourglass","Unceasing Top","HornCleat"],"potions_floor_usage":[8,25,27,51,51,56,56],"damage_taken":[{"damage":0,"enemies":"Cultist","floor":1,"turns":2},{"damage":0,"enemies":"2 Louse","floor":4,"turns":2},{"damage":0,"enemies":"Gremlin Nob","floor":6,"turns":2},{"damage":0,"enemies":"Lagavulin","floor":8,"turns":2},{"damage":1,"enemies":"Small Slimes","floor":10,"turns":2},{"damage":0,"enemies":"Gremlin Gang","floor":12,"turns":2},{"damage":0,"enemies":"Exordium Thugs","floor":14,"turns":1},{"damage":0,"enemies":"Slime Boss","floor":16,"turns":5},{"damage":0,"enemies":"Shell Parasite","floor":18,"turns":1},{"damage":6,"enemies":"2 Thieves","floor":21,"turns":2},{"damage":0,"enemies":"Centurion and Healer","floor":24,"turns":2},{"damage":41,"enemies":"Slavers","floor":25,"turns":5},{"damage":2,"enemies":"Book of Stabbing","floor":27,"turns":2},{"damage":0,"enemies":"Snake Plant","floor":30,"turns":1},{"damage":0,"enemies":"3 Cultists","floor":31,"turns":3},{"damage":16,"enemies":"Automaton","floor":33,"turns":3},{"damage":0,"enemies":"3 Darklings","floor":35,"turns":3},{"damage":0,"enemies":"Orb Walker","floor":36,"turns":2},{"damage":0,"enemies":"Spire Growth","floor":37,"turns":2},{"damage":0,"enemies":"3 Darklings","floor":39,"turns":1},{"damage":0,"enemies":"Giant Head","floor":41,"turns":2},{"damage":0,"enemies":"2 Orb Walkers","floor":46,"turns":2},{"damage":11,"enemies":"Sphere and 2 Shapes","floor":47,"turns":2},{"damage":0,"enemies":"Maw","floor":48,"turns":2},{"damage":14,"enemies":"Donu and Deca","floor":50,"turns":3},{"damage":12,"enemies":"Time Eater","floor":51,"turns":2},{"damage":11,"enemies":"Shield and Spear","floor":55,"turns":3},{"damage":68,"enemies":"The Heart","floor":56,"turns":6}],"green_key_taken_log":27,"seed_played":"762106012802051217","neow_bonus_log":{"cardsObtained":[],"cardsUpgraded":[],"cardsRemoved":[],"cardsTransformed":[],"relicsObtained":[],"maxHpGained":0,"goldGained":100,"damageTaken":0,"goldLost":0,"maxHpLost":0},"potions_obtained":[{"floor":1,"key":"SteroidPotion"},{"floor":6,"key":"Fire Potion"},{"floor":10,"key":"Regen Potion"},{"floor":27,"key":"SteroidPotion"},{"floor":31,"key":"SteroidPotion"},{"floor":36,"key":"Ancient Potion"}],"is_trial":false,"path_per_floor":["M","$","?","M","?","E","R","E","T","M","R","M","$","M","R","B",null,"M","?","?","M","?","R","M","E","T","E","$","R","M","M","R","B",null,"M","M","M","$","M","R","E","R","T","R","T","?","M","M","R","B","B",null,"R","$","E","B",null],"character_chosen":"WATCHER","basemod:card_modifiers":[null,null,null,null,null,null,null,null,null,null,null,null,null],"items_purchased":["CutThroughFate","Tantrum","Adaptation","Swift Potion","LiquidMemories"],"campfire_rested":1,"item_purchase_floors":[2,13,28,54,54],"current_hp_per_floor":[61,61,61,61,61,63,63,65,65,66,66,66,66,66,66,68,74,76,76,76,72,72,72,74,49,49,47,47,47,49,51,51,49,80,82,84,86,86,88,88,90,90,90,90,90,92,83,85,85,71,59,94,106,106,97,41],"gold":65,"neow_bonus":"HUNDRED_GOLD","is_prod":false,"is_daily":false,"rewards_skipped":[{"floor":12,"relics":[],"potions":["Energy Potion"]},{"floor":24,"relics":[],"potions":["PowerPotion"]},{"floor":33,"relics":[],"potions":["Regen Potion"]},{"floor":35,"relics":[],"potions":["Explosive Potion"]},{"floor":46,"relics":[],"potions":["PowerPotion"]},{"floor":48,"relics":[],"potions":["Fire Potion"]},{"floor":55,"relics":[],"potions":["Fire Potion"]}],"chose_seed":false,"campfire_upgraded":9,"win_rate":0,"floor_exit_playtime":[21,30,52,74,99,121,127,152,155,172,179,212,225,237,242,287,322,333,337,346,377,387,393,436,506,510,587,603,608,624,672,680,787,811,880,922,999,1049,1088,1094,1162,1167,1170,1203,1206,1275,1379,1474,1481,1614,1689,1699,1704,1719,1855,2075],"timestamp":1708053260,"blue_key_relic_skipped_log":{"floor":43,"relicID":"Orichalcum"},"path_taken":["M","$","?","M","?","E","R","E","T","M","R","M","$","M","R","BOSS","M","?","?","M","?","R","M","E","T","E","$","R","?","?","R","BOSS","M","M","M","$","M","R","E","R","T","R","?","?","M","M","R","BOSS","BOSS","R","$","E","BOSS"],"build_version":"2022-12-18","purchased_purges":4,"victory":true,"max_hp_per_floor":[68,68,68,68,68,70,70,72,72,74,74,74,74,74,74,76,76,78,78,78,80,80,80,82,84,84,84,84,84,86,88,88,90,90,92,94,96,96,98,98,100,100,100,100,100,102,104,106,106,106,106,106,106,106,108,108],"relic_stats":{"Singing Bowl":40,"counters":[28,67],"Ornamental Fan":[448],"VioletLotus":[132],"Whetstone":["Tantrum","Strike_P"],"PureWater":[22],"Ancient Tea Set":[18],"GoldenEye":[2],"obtain_stats":[{"Singing Bowl":6,"Whetstone":27,"Ancient Tea Set":8,"Empty Cage":17,"GoldenEye":41,"Mercury Hourglass":45,"Anchor":22,"HornCleat":55,"Ornamental Fan":25,"VioletLotus":34,"Bag of Marbles":9,"PureWater":0,"Unceasing Top":46,"Meat on the Bone":26},{"Singing Bowl":3,"Whetstone":13,"Ancient Tea Set":4,"Empty Cage":8,"GoldenEye":21,"Mercury Hourglass":21,"Anchor":10,"HornCleat":27,"Ornamental Fan":12,"VioletLotus":16,"Bag of Marbles":4,"PureWater":0,"Unceasing Top":22,"Meat on the Bone":12},{"Singing Bowl":6,"Whetstone":30,"Ancient Tea Set":8,"Empty Cage":18,"GoldenEye":47,"Mercury Hourglass":47,"Anchor":21,"HornCleat":61,"Ornamental Fan":28,"VioletLotus":37,"Bag of Marbles":8,"PureWater":0,"Unceasing Top":49,"Meat on the Bone":28}],"Unceasing Top":[0],"Meat on the Bone":24,"Mercury Hourglass":[78]},"card_choices":[{"not_picked":["Meditate","Halt"],"picked":"FlurryOfBlows","floor":1},{"not_picked":["CarveReality","Crescendo","Worship"],"picked":"SKIP","floor":4},{"not_picked":["SashWhip","JustLucky","FlyingSleeves"],"picked":"Singing Bowl","floor":6},{"not_picked":["Sanctity","Pray","Prostrate"],"picked":"Singing Bowl","floor":8},{"not_picked":["Indignation","WheelKick","SandsOfTime"],"picked":"Singing Bowl","floor":10},{"not_picked":["ClearTheMind","JustLucky"],"picked":"Study","floor":12},{"not_picked":["Evaluate","Halt"],"picked":"InnerPeace","floor":14},{"not_picked":["Wish","Omniscience","Ragnarok"],"picked":"Singing Bowl","floor":16},{"not_picked":["ThirdEye","BowlingBash","WindmillStrike"],"picked":"Singing Bowl","floor":18},{"not_picked":["Evaluate","EmptyFist","InnerPeace","JustLucky","CrushJoints","SashWhip","ClearTheMind","Swivel","Prostrate","Crescendo","Sanctity","Meditate","EmptyBody","FlurryOfBlows","CutThroughFate","FearNoEvil","Pray","ThirdEye","PathToVictory"],"picked":"EmptyMind","floor":20},{"not_picked":["DeceiveReality","FlurryOfBlows","ForeignInfluence"],"picked":"Singing Bowl","floor":21},{"not_picked":["BowlingBash","ClearTheMind","ThirdEye"],"picked":"Singing Bowl","floor":24},{"not_picked":["SandsOfTime","WaveOfTheHand","ClearTheMind"],"picked":"Singing Bowl","floor":25},{"not_picked":["CutThroughFate","FlurryOfBlows"],"picked":"TalkToTheHand","floor":27},{"not_picked":["Consecrate+1","EmptyBody","CrushJoints"],"picked":"Singing Bowl","floor":30},{"not_picked":["Tantrum","Weave","Halt+1"],"picked":"Singing Bowl","floor":31},{"not_picked":["DeusExMachina","Blasphemy","Brilliance"],"picked":"Singing Bowl","floor":33},{"not_picked":["Wallop","Vengeance","SandsOfTime"],"picked":"Singing Bowl","floor":35},{"not_picked":["Indignation","LikeWater","CarveReality"],"picked":"Singing Bowl","floor":36},{"not_picked":["ClearTheMind","BowlingBash","CrushJoints"],"picked":"Singing Bowl","floor":37},{"not_picked":["SashWhip","BowlingBash+1","Evaluate"],"picked":"Singing Bowl","floor":39},{"not_picked":["EmptyFist","EmptyBody","ThirdEye"],"picked":"Singing Bowl","floor":41},{"not_picked":["Wish","Halt","Wireheading+1"],"picked":"Singing Bowl","floor":46},{"not_picked":["FearNoEvil+1","TalkToTheHand+1","Consecrate"],"picked":"Singing Bowl","floor":47},{"not_picked":["Weave+1","EmptyFist","Consecrate"],"picked":"Singing Bowl","floor":48},{"not_picked":["Indignation","Nirvana","BowlingBash+1"],"picked":"Singing Bowl","floor":55}],"player_experience":6112097,"relics_obtained":[{"floor":6,"key":"Singing Bowl"},{"floor":8,"key":"Ancient Tea Set"},{"floor":9,"key":"Bag of Marbles"},{"floor":25,"key":"Ornamental Fan"},{"floor":26,"key":"Meat on the Bone"},{"floor":27,"key":"Whetstone"},{"floor":41,"key":"GoldenEye"},{"floor":45,"key":"Mercury Hourglass"},{"floor":46,"key":"Unceasing Top"},{"floor":55,"key":"HornCleat"}],"event_choices":[{"damage_healed":0,"gold_gain":0,"cards_transformed":["Defend_P"],"player_choice":"Transformed","damage_taken":0,"max_hp_gain":0,"max_hp_loss":0,"event_name":"Transmorgrifier","floor":3,"gold_loss":0,"cards_obtained":["CarveReality"]},{"damage_healed":0,"gold_gain":0,"player_choice":"0 cards matched","damage_taken":0,"max_hp_gain":0,"max_hp_loss":0,"event_name":"Match and Keep!","floor":5,"gold_loss":0,"cards_obtained":[]},{"damage_healed":0,"gold_gain":50,"player_choice":"Stole From Cult","damage_taken":0,"max_hp_gain":0,"max_hp_loss":0,"event_name":"Nest","floor":19,"gold_loss":0},{"damage_healed":0,"gold_gain":0,"player_choice":"Read","damage_taken":0,"max_hp_gain":0,"max_hp_loss":0,"event_name":"The Library","floor":20,"gold_loss":0,"cards_obtained":["EmptyMind"]},{"damage_healed":0,"gold_gain":0,"player_choice":"Obtained Relic","damage_taken":0,"relics_obtained":["Anchor"],"max_hp_gain":0,"max_hp_loss":0,"event_name":"Addict","floor":22,"gold_loss":85},{"damage_healed":0,"gold_gain":0,"player_choice":"Fight","damage_taken":0,"max_hp_gain":0,"max_hp_loss":0,"event_name":"Mysterious Sphere","floor":46,"gold_loss":0}],"is_beta":false,"boss_relics":[{"not_picked":["SacredBark","Tiny House"],"picked":"Empty Cage"},{"not_picked":["Fusion Hammer","Busted Crown"],"picked":"VioletLotus"}],"items_purged_floors":[2,13,28,38],"is_endless":false,"potions_floor_spawned":[1,6,10,12,24,27,31,33,35,36,46,48,55],"ascension_level":20,"potion_discard_per_floor":[[],[],[],[],[],[],[],[],[],[],[],[],[],[],[],[],[],[],[],[],[],[],[],[],[],[],[],[],[],[],[],[],[],[],[],["SteroidPotion"],[],[],[],[],[],[],[],[],[],[],[],[],[],[],[],[],[],[],[],[],[]]}