{"neow_bonuses_skipped_log":["RANDOM_COLORLESS","ONE_RARE_RELIC","BOSS_RELIC"],"neow_costs_skipped_log":["NONE","CURSE","NONE"],"potions_obtained_entropic_brew":[[],[],[],[],[],[],[],[],[],[],[],[],[],[],[],[],[],[],[],[],[],[],[],[],[],[],[],[],[],[],[],[],[],[],[],[],[],[],[],[],[],[],[],[],[],[],[],[],[],[],[],[],[],[],[],[],[]],"gold_per_floor":[219,229,9,20,0,33,46,78,78,78,95,121,121,154,154,231,231,250,250,262,280,115,142,142,171,171,171,189,189,11,45,45,119,119,131,150,150,150,150,150,180,204,204,238,257,291,166,181,181,181,181,181,181,103,128,128],"floor_reached":57,"playtime":6180,"items_purged":["Strike_B","Zap","Defend_B"],"score":3002,"play_id":"56d2f7c5-76f0-41fc-bc21-78b0389cd6f1","local_time":"20240224190009","score_breakdown":["Floors Climbed (57): 285","Enemies Slain (13): 26","Exordium Elites Killed (4): 40","City Elites Killed (3): 60","Beyond Elites Killed (3): 90","Bosses Slain (5): 750","I Like Shiny: 50","Champion (2): 50","Perfect (1): 50","Ascension (20): 1351","Heartbreaker: 250"],"is_ascension_mode":true,"potions_obtained_alchemize":[[],[],[],[],[],[],[],[],[],[],[],[],[],[],[],[],[],[],[],[],[],[],[],[],[],[],[],[],[],[],[],[],[],[],[],[],[],[],[],[],[],[],[],[],[],[],[],[],[],[],[],[],[],[],[],[],[]],"campfire_choices":[{"floor":10,"key":"REST"},{"floor":15,"key":"REST"},{"data":"Consume","floor":24,"key":"SMITH"},{"data":"Seek","floor":29,"key":"SMITH"},{"floor":32,"key":"DIG"},{"floor":40,"key":"RECALL"},{"floor":49,"key":"DIG"},{"floor":53,"key":"DIG"}],"lesson_learned_per_floor":[[],[],[],[],[],[],[],[],[],[],[],[],[],[],[],[],[],[],[],[],[],[],[],[],[],[],[],[],[],[],[],[],[],[],[],[],[],[],[],[],[],[],[],[],[],[],[],[],[],[],[],[],[],[],[],[],[]],"neow_cost":"NONE","improvable_cards":{},"seed_source_timestamp":12118989963803,"shop_contents":[{"floor":3,"relics":["Blue Candle","Peace Pipe","Cauldron"],"cards":["Compile Driver","Reprogram","Genetic Algorithm","Heatsinks","Dramatic Entrance","Transmutation"],"potions":["Explosive Potion","SteroidPotion"]},{"floor":22,"relics":["Toxic Egg 2","Whetstone"],"cards":["Gash","Streamline","Leap","Rainbow","Self Repair","Discovery","Magnetism"],"potions":["GamblersBrew","Energy Potion","FocusPotion"]},{"floor":30,"relics":["Art of War","Darkstone Periapt","OrangePellets"],"cards":["Scrape+1","Beam Cell+1","Redo","Self Repair","Purity","Metamorphosis"],"potions":["GamblersBrew","Energy Potion","Energy Potion"]},{"floor":47,"relics":["Anchor","Pear","Sling"],"cards":["Core Surge+1","Gash+1","Reinforced Body","Steam","Storm","Madness","Sadistic Nature"],"potions":["AttackPotion","FocusPotion","PowerPotion"]},{"floor":54,"relics":["Nunchaku","Letter Opener","Lee\u0027s Waffle"],"cards":["Sweeping Beam+1","Rip and Tear+1","Hologram","Genetic Algorithm","Enlightenment","The Bomb"],"potions":["SmokeBomb","Strength Potion","Dexterity Potion"]}],"circlet_count":0,"master_deck":["AscendersBane","Strike_B","Strike_B","Strike_B","Defend_B","Defend_B","Defend_B","Dualcast","Ball Lightning","Compile Driver","Doom and Gloom","Coolheaded","Machine Learning","Consume+1","Echo Form","Seek+1","Turbo+1","Ghostly","Ghostly","Ghostly","Self Repair","Conserve Battery","Hologram","Chill","Recycle+1","Rainbow","Coolheaded+1","Dark Shackles","Redo+1","Cold Snap+1","Redo","Hologram","Loop"],"potion_use_per_floor":[[],[],[],[],[],["Explosive Potion"],[],["Energy Potion"],[],[],["Dexterity Potion"],["SpeedPotion"],[],[],[],[],[],[],[],["ColorlessPotion"],[],[],["Explosive Potion"],[],[],[],[],["ColorlessPotion"],[],[],["Regen Potion"],[],["LiquidBronze"],[],[],[],[],[],[],[],["PotionOfCapacity"],[],[],[],[],[],[],[],[],[],[],[],[],[],[],[],[]],"relics":["Cracked Core","Gremlin Horn","Ginger","Incense Burner","InkBottle","Omamori","Bronze Scales","Calling Bell","Boot","White Beast Statue","Shovel","Strange Spoon","Molten Egg 2","Ornamental Fan","Emotion Chip","Tiny Chest","Runic Dome","Centennial Puzzle","Lantern","Bag of Preparation","HornCleat","PreservedInsect","StrikeDummy","Pantograph","Bottled Lightning"],"potions_floor_usage":[6,8,11,12,20,23,28,31,33,41],"damage_taken":[{"damage":2,"enemies":"Jaw Worm","floor":1,"turns":3},{"damage":0,"enemies":"2 Louse","floor":2,"turns":2},{"damage":0,"enemies":"Cultist","floor":4,"turns":3},{"damage":23,"enemies":"3 Sentries","floor":6,"turns":4},{"damage":10,"enemies":"Lots of Slimes","floor":7,"turns":2},{"damage":6,"enemies":"Gremlin Nob","floor":8,"turns":3},{"damage":4,"enemies":"Looter","floor":11,"turns":3},{"damage":20,"enemies":"3 Sentries","floor":12,"turns":12},{"damage":4,"enemies":"Lagavulin","floor":14,"turns":7},{"damage":34,"enemies":"Slime Boss","floor":16,"turns":9},{"damage":19,"enemies":"Spheric Guardian","floor":18,"turns":10},{"damage":0,"enemies":"Chosen","floor":20,"turns":5},{"damage":9,"enemies":"Snake Plant","floor":21,"turns":7},{"damage":20,"enemies":"Slavers","floor":23,"turns":6},{"damage":3,"enemies":"Gremlin Leader","floor":25,"turns":6},{"damage":13,"enemies":"3 Cultists","floor":28,"turns":4},{"damage":41,"enemies":"Slavers","floor":31,"turns":5},{"damage":0,"enemies":"Collector","floor":33,"turns":15},{"damage":0,"enemies":"3 Darklings","floor":35,"turns":6},{"damage":0,"enemies":"3 Shapes","floor":36,"turns":6},{"damage":0,"enemies":"Nemesis","floor":41,"turns":9},{"damage":0,"enemies":"Giant Head","floor":44,"turns":13},{"damage":0,"enemies":"3 Darklings","floor":45,"turns":14},{"damage":2,"enemies":"Reptomancer","floor":46,"turns":11},{"damage":0,"enemies":"Jaw Worm Horde","floor":48,"turns":7},{"damage":14,"enemies":"Donu and Deca","floor":50,"turns":11},{"damage":18,"enemies":"Awakened One","floor":51,"turns":24},{"damage":3,"enemies":"Shield and Spear","floor":55,"turns":10},{"damage":32,"enemies":"The Heart","floor":56,"turns":12}],"green_key_taken_log":44,"seed_played":"6244693826254064051","neow_bonus_log":{"cardsObtained":[],"cardsUpgraded":[],"cardsRemoved":[],"cardsTransformed":[],"relicsObtained":[],"maxHpGained":0,"goldGained":100,"damageTaken":0,"goldLost":0,"maxHpLost":0},"potions_obtained":[{"floor":1,"key":"Explosive Potion"},{"floor":6,"key":"PowerPotion"},{"floor":8,"key":"Dexterity Potion"},{"floor":11,"key":"SpeedPotion"},{"floor":16,"key":"Explosive Potion"},{"floor":18,"key":"ColorlessPotion"},{"floor":20,"key":"CultistPotion"},{"floor":21,"key":"ColorlessPotion"},{"floor":23,"key":"FocusPotion"},{"floor":28,"key":"Regen Potion"},{"floor":31,"key":"LiquidBronze"},{"floor":33,"key":"GamblersBrew"},{"floor":35,"key":"PotionOfCapacity"},{"floor":41,"key":"Explosive Potion"},{"floor":44,"key":"DistilledChaos"}],"is_trial":false,"path_per_floor":["M","M","$","M","?","E","M","E","T","R","M","E","?","E","R","B",null,"M","?","M","M","$","E","R","E","T","?","M","R","$","E","R","B",null,"M","M","?","?","?","R","E","T","T","E","M","E","$","M","R","B","B",null,"R","$","E","B",null],"character_chosen":"DEFECT","basemod:card_modifiers":[null,null,null,null,null,null,null,null,null,null,null,null,null,null,null,null,null,null,null,null,null,null,null,null,null,null,null,null,null,null,null,null,null],"items_purchased":["Doom and Gloom","Energy Potion","Strange Spoon","Chill","Loop"],"campfire_rested":2,"item_purchase_floors":[3,3,22,30,54],"current_hp_per_floor":[62,62,62,62,62,39,29,23,23,44,40,20,20,16,37,3,54,35,35,35,33,33,27,27,35,35,35,35,35,35,20,20,34,35,35,35,35,45,35,35,42,42,42,45,45,45,45,45,45,38,34,42,42,42,45,20],"gold":128,"neow_bonus":"HUNDRED_GOLD","is_prod":false,"is_daily":false,"rewards_skipped":[{"floor":25,"relics":[],"potions":["SkillPotion"]},{"floor":31,"relics":["Bottled Flame"],"potions":[]},{"floor":36,"relics":[],"potions":["FocusPotion"]},{"floor":45,"relics":[],"potions":["EssenceOfSteel"]},{"floor":46,"relics":[],"potions":["Explosive Potion"]},{"floor":48,"relics":[],"potions":["ColorlessPotion"]},{"floor":55,"relics":[],"potions":["BlessingOfTheForge"]}],"chose_seed":false,"campfire_upgraded":2,"win_rate":0,"floor_exit_playtime":[58,79,147,166,177,237,287,350,361,365,456,706,742,1003,1008,1219,1324,1507,1520,1596,1798,1849,2018,2026,2129,2132,2137,2218,2238,2336,2516,2541,2962,2994,3124,3226,3240,3277,3344,3354,3574,3578,3599,3867,4183,4460,4570,4679,4736,5053,5575,5586,5592,5616,5845,6180],"timestamp":1708819209,"blue_key_relic_skipped_log":{"floor":43,"relicID":"Bottled Tornado"},"path_taken":["M","M","$","M","?","E","?","E","T","R","M","E","?","E","R","BOSS","M","?","?","M","?","E","R","E","T","?","M","R","$","E","R","BOSS","M","M","?","?","?","R","E","?","T","E","M","E","$","M","R","BOSS","BOSS","R","$","E","BOSS"],"build_version":"2022-12-18","purchased_purges":3,"victory":true,"max_hp_per_floor":[71,71,71,71,71,71,71,71,71,71,71,71,71,71,71,71,71,71,35,35,35,35,35,35,35,35,35,35,35,35,35,35,35,35,35,35,35,45,45,45,45,45,45,45,45,45,45,45,45,45,45,45,45,45,45,45],"relic_stats":{"Gremlin Horn":[60,60],"counters":[29,229],"PreservedInsect":77,"Omamori":1,"Bag of Preparation":[16],"Ginger":[28],"Boot":[24],"White Beast Statue":[0.0,0.0,0.0,0.4,0.0,0.6000000000000001,0.0,0.0,0.0,0.0,0.0,7.088743680000002],"Strange Spoon":[73],"Emotion Chip":[28,11,10,7,0],"Centennial Puzzle":[13],"Shovel":3,"Ornamental Fan":[84],"Bronze Scales":[834],"Pantograph":0,"Tiny Chest":1,"Bottled Lightning":"Seek","obtain_stats":[{"Lantern":41,"Gremlin Horn":6,"Incense Burner":9,"Bag of Preparation":42,"Ginger":8,"Boot":17,"Emotion Chip":26,"Centennial Puzzle":37,"Shovel":17,"HornCleat":44,"Pantograph":53,"Tiny Chest":32,"Cracked Core":0,"InkBottle":12,"PreservedInsect":46,"Omamori":13,"White Beast Statue":17,"Calling Bell":17,"Strange Spoon":22,"Runic Dome":34,"Ornamental Fan":25,"Bronze Scales":14,"Molten Egg 2":23,"Bottled Lightning":55,"StrikeDummy":49},{"Lantern":21,"Gremlin Horn":4,"Incense Burner":6,"Bag of Preparation":21,"Ginger":6,"Boot":10,"Emotion Chip":15,"Centennial Puzzle":20,"Shovel":10,"HornCleat":22,"Pantograph":27,"Tiny Chest":17,"Cracked Core":0,"InkBottle":8,"PreservedInsect":24,"Omamori":8,"White Beast Statue":10,"Calling Bell":10,"Strange Spoon":13,"Runic Dome":18,"Ornamental Fan":15,"Bronze Scales":9,"Molten Egg 2":14,"Bottled Lightning":28,"StrikeDummy":25},{"Lantern":127,"Gremlin Horn":12,"Incense Burner":17,"Bag of Preparation":127,"Ginger":17,"Boot":48,"Emotion Chip":82,"Centennial Puzzle":118,"Shovel":48,"HornCleat":140,"Pantograph":207,"Tiny Chest":91,"Cracked Core":0,"InkBottle":32,"PreservedInsect":165,"Omamori":32,"White Beast Statue":48,"Calling Bell":48,"Strange Spoon":70,"Runic Dome":106,"Ornamental Fan":82,"Bronze Scales":39,"Molten Egg 2":76,"Bottled Lightning":217,"StrikeDummy":172}],"InkBottle":[94]},"card_choices":[{"not_picked":["Skim","Gash"],"picked":"Ball Lightning","floor":1},{"not_picked":["Rip and Tear","Streamline"],"picked":"Compile Driver","floor":2},{"not_picked":["Leap","Fusion"],"picked":"Coolheaded","floor":4},{"not_picked":["Darkness","Compile Driver"],"picked":"Machine Learning","floor":7},{"not_picked":["Fusion","Leap","Streamline"],"picked":"SKIP","floor":8},{"not_picked":["Hello World","Streamline"],"picked":"Consume","floor":11},{"not_picked":["Barrage","Streamline"],"picked":"Echo Form","floor":12},{"not_picked":["Ball Lightning","Chaos","Double Energy"],"picked":"SKIP","floor":14},{"not_picked":["Amplify","Multi-Cast"],"picked":"Seek","floor":16},{"not_picked":["Tempest","Steam+1"],"picked":"Turbo+1","floor":18},{"not_picked":["Hologram","Turbo"],"picked":"Self Repair","floor":20},{"not_picked":["Compile Driver","Steam Power"],"picked":"Conserve Battery","floor":21},{"not_picked":["Gash+1","Rebound+1"],"picked":"Electrodynamics","floor":23},{"not_picked":["Barrage+1","Streamline+1"],"picked":"Hologram","floor":25},{"not_picked":["Melter+1","Gash+1","Auto Shields"],"picked":"SKIP","floor":28},{"not_picked":["Doom and Gloom+1","Sweeping Beam+1"],"picked":"Recycle+1","floor":31},{"not_picked":["Fission","Creative AI"],"picked":"Rainbow","floor":33},{"not_picked":["Beam Cell+1","Leap+1"],"picked":"Coolheaded+1","floor":35},{"not_picked":["Barrage+1","Gash+1","Ball Lightning+1"],"picked":"SKIP","floor":36},{"not_picked":["Panacea","Madness"],"picked":"Dark Shackles","floor":39},{"not_picked":["Deep Breath","Purity","Bandage Up"],"picked":"SKIP","floor":39},{"not_picked":["Enlightenment","Magnetism","Deep Breath"],"picked":"SKIP","floor":39},{"not_picked":["Cold Snap+1","Steam"],"picked":"Redo+1","floor":41},{"not_picked":["Sweeping Beam+1","Ball Lightning+1"],"picked":"Cold Snap+1","floor":44},{"not_picked":["Turbo","Hello World"],"picked":"Redo","floor":45},{"not_picked":["Conserve Battery","Force Field","Stack+1"],"picked":"SKIP","floor":46},{"not_picked":["Leap+1","Rebound+1"],"picked":"Hologram","floor":48},{"not_picked":["Lockon+1","Steam","Beam Cell+1"],"picked":"SKIP","floor":55}],"player_experience":6286471,"relics_obtained":[{"floor":6,"key":"Gremlin Horn"},{"floor":8,"key":"Ginger"},{"floor":9,"key":"Incense Burner"},{"floor":12,"key":"InkBottle"},{"floor":14,"key":"Bronze Scales"},{"floor":17,"key":"Boot"},{"floor":17,"key":"White Beast Statue"},{"floor":17,"key":"Shovel"},{"floor":23,"key":"Molten Egg 2"},{"floor":25,"key":"Ornamental Fan"},{"floor":26,"key":"Emotion Chip"},{"floor":32,"key":"Tiny Chest"},{"floor":37,"key":"Centennial Puzzle"},{"floor":41,"key":"Lantern"},{"floor":42,"key":"Bag of Preparation"},{"floor":44,"key":"HornCleat"},{"floor":46,"key":"PreservedInsect"},{"floor":49,"key":"StrikeDummy"},{"floor":53,"key":"Pantograph"},{"floor":55,"key":"Bottled Lightning"}],"event_choices":[{"damage_healed":0,"gold_gain":0,"player_choice":"Left Gold","damage_taken":0,"max_hp_gain":0,"max_hp_loss":0,"event_name":"World of Goop","floor":5,"gold_loss":20},{"damage_healed":0,"gold_gain":0,"player_choice":"Gave Potion","damage_taken":0,"relics_obtained":["Omamori"],"max_hp_gain":0,"max_hp_loss":0,"event_name":"WeMeetAgain","floor":13,"gold_loss":0},{"damage_healed":0,"gold_gain":0,"player_choice":"Became a Ghost","damage_taken":0,"max_hp_gain":0,"max_hp_loss":36,"event_name":"Ghosts","floor":19,"gold_loss":0,"cards_obtained":["Ghostly","Ghostly","Ghostly"]},{"damage_healed":0,"gold_gain":0,"player_choice":"Ignored","damage_taken":0,"max_hp_gain":0,"max_hp_loss":0,"event_name":"Vampires","floor":27,"gold_loss":0},{"damage_healed":0,"gold_gain":0,"player_choice":"Relic","damage_taken":0,"max_hp_gain":0,"max_hp_loss":0,"event_name":"Wheel of Change","floor":37,"gold_loss":0},{"cards_removed":["Electrodynamics"],"damage_healed":0,"gold_gain":0,"player_choice":"Offered Rare","damage_taken":0,"max_hp_gain":10,"max_hp_loss":0,"event_name":"Bonfire Elementals","floor":38,"gold_loss":0},{"damage_healed":0,"gold_gain":0,"player_choice":"Memory 3","damage_taken":10,"max_hp_gain":0,"max_hp_loss":0,"event_name":"SensoryStone","floor":39,"gold_loss":0}],"is_beta":false,"boss_relics":[{"not_picked":["FrozenCore","Sozu"],"picked":"Calling Bell"},{"not_picked":["Tiny House","Busted Crown"],"picked":"Runic Dome"}],"items_purged_floors":[3,30,47],"is_endless":false,"potions_floor_spawned":[1,6,8,11,16,18,20,21,23,25,28,31,33,35,36,41,44,45,46,48,55],"ascension_level":20,"potion_discard_per_floor":[[],[],[],[],[],[],[],[],[],[],[],[],[],[],[],[],[],[],[],[],["CultistPotion"],[],[],[],[],[],[],[],[],[],[],[],[],[],["FocusPotion"],[],[],[],[],[],[],[],[],["Explosive Potion"],[],[],[],[],[],[],[],[],[],[],[],[],[]]}