{"neow_bonuses_skipped_log":["RANDOM_COLORLESS","THREE_RARE_CARDS","BOSS_RELIC"],"potions_obtained_entropic_brew":[[],[],[],[],[],[],[],[],[],[],[],[]],"neow_costs_skipped_log":["NONE","CURSE","NONE"],"gold_per_floor":[218,218,232,14,27,60,60,91,160,160,173,173],"floor_reached":12,"playtime":330,"items_purged":[],"score":176,"play_id":"fc1c28aa-a6aa-4f58-b73d-78aedc33808b","local_time":"20240217142445","score_breakdown":["Floors Climbed (12): 60","Enemies Slain (4): 8","Exordium Elites Killed (2): 20","Bosses Slain (0): 0","Ascension (20): 88"],"is_ascension_mode":true,"potions_obtained_alchemize":[[],[],[],[],[],[],[],[],[],[],[],[]],"campfire_choices":[{"floor":7,"key":"REST"}],"lesson_learned_per_floor":[[],[],[],[],[],[],[],[],[],[],[],[]],"neow_cost":"NONE","improvable_cards":{},"seed_source_timestamp":9036115843856,"shop_contents":[{"floor":4,"relics":["Frozen Egg 2","Unceasing Top"],"cards":["Blizzard","Gash","Turbo","Storm","Madness","Panache"],"potions":["Fire Potion","Block Potion","Strength Potion"]}],"circlet_count":0,"master_deck":["AscendersBane","Strike_B","Strike_B","Strike_B","Strike_B","Defend_B","Defend_B","Defend_B","Defend_B","Dualcast","Compile Driver","Lockon","Conserve Battery","Tantrum","Doom and Gloom","Meditate"],"potion_use_per_floor":[[],[],[],[],[],[],[],["FocusPotion"],[],[],[],[]],"relics":["Cracked Core","Golden Idol","PrismaticShard","Centennial Puzzle","Eternal Feather"],"potions_floor_usage":[8],"damage_taken":[{"damage":5,"enemies":"Small Slimes","floor":1,"turns":3},{"damage":4,"enemies":"Jaw Worm","floor":3,"turns":4},{"damage":0,"enemies":"2 Louse","floor":5,"turns":2},{"damage":33,"enemies":"3 Sentries","floor":6,"turns":5},{"damage":16,"enemies":"Gremlin Nob","floor":8,"turns":3},{"damage":7,"enemies":"Large Slime","floor":11,"turns":2},{"damage":12,"enemies":"Exordium Thugs","floor":12,"turns":1}],"seed_played":"-1009953009463421807","neow_bonus_log":{"cardsObtained":[],"cardsUpgraded":[],"cardsRemoved":[],"cardsTransformed":[],"relicsObtained":[],"maxHpGained":0,"goldGained":100,"damageTaken":0,"goldLost":0,"maxHpLost":0},"potions_obtained":[{"floor":1,"key":"FocusPotion"},{"floor":5,"key":"FocusPotion"}],"is_trial":false,"path_per_floor":["M","?","M","$","M","E","R","E","T","?","M","M"],"character_chosen":"DEFECT","basemod:card_modifiers":[null,null,null,null,null,null,null,null,null,null,null,null,null,null,null,null],"items_purchased":["PrismaticShard","Conserve Battery"],"campfire_rested":1,"item_purchase_floors":[4,4],"current_hp_per_floor":[59,59,55,55,55,22,41,25,25,18,11,0],"gold":173,"neow_bonus":"HUNDRED_GOLD","is_prod":false,"is_daily":false,"rewards_skipped":[{"floor":8,"relics":["Bottled Lightning"],"potions":[]}],"chose_seed":false,"campfire_upgraded":0,"win_rate":0,"floor_exit_playtime":[65,68,94,117,144,229,233,265,272,282,306],"timestamp":1708197885,"path_taken":["M","?","M","$","M","E","R","E","T","?","M","M"],"build_version":"2022-12-18","purchased_purges":0,"victory":false,"max_hp_per_floor":[71,64,64,64,64,64,64,64,64,64,64,64],"relic_stats":{"Centennial Puzzle":[6],"counters":[7,20],"Golden Idol":22,"Eternal Feather":0,"obtain_stats":[{"Centennial Puzzle":6,"Golden Idol":2,"Eternal Feather":9,"Cracked Core":0,"PrismaticShard":4},{"Centennial Puzzle":4,"Golden Idol":1,"Eternal Feather":5,"Cracked Core":0,"PrismaticShard":2},{"Centennial Puzzle":14,"Golden Idol":3,"Eternal Feather":17,"Cracked Core":0,"PrismaticShard":7}]},"card_choices":[{"not_picked":["Stack","Gash"],"picked":"Compile Driver","floor":1},{"not_picked":["Double Energy","Compile Driver"],"picked":"Lockon","floor":3},{"not_picked":["Cleave","Gash"],"picked":"Tantrum","floor":5},{"not_picked":["Poisoned Stab","Bullet Time"],"picked":"Doom and Gloom","floor":6},{"not_picked":["Sweeping Beam","Redo"],"picked":"Meditate","floor":8},{"not_picked":["Compile Driver","PathToVictory","Fusion"],"picked":"SKIP","floor":11}],"player_experience":6146945,"relics_obtained":[{"floor":6,"key":"Centennial Puzzle"},{"floor":9,"key":"Eternal Feather"}],"event_choices":[{"damage_healed":0,"gold_gain":0,"player_choice":"Lose Max HP","damage_taken":0,"relics_obtained":["Golden Idol"],"max_hp_gain":0,"max_hp_loss":7,"event_name":"Golden Idol","floor":2,"gold_loss":0},{"cards_removed":["Zap"],"damage_healed":0,"gold_gain":0,"player_choice":"Card Removal","damage_taken":7,"max_hp_gain":0,"max_hp_loss":0,"event_name":"Golden Wing","floor":10,"gold_loss":0}],"is_beta":false,"boss_relics":[],"items_purged_floors":[],"is_endless":false,"potions_floor_spawned":[1,5],"killed_by":"Exordium Thugs","ascension_level":20,"potion_discard_per_floor":[[],[],[],[],[],[],[],[],[],[],[],[]]}