{"neow_bonuses_skipped_log":["REMOVE_CARD","REMOVE_TWO","BOSS_RELIC"],"neow_costs_skipped_log":["NONE","PERCENT_DAMAGE","NONE"],"potions_obtained_entropic_brew":[[],[],[],[],[],[],[],[],[],[],[],[],[],[],[],[],[],[],[],[],[],[],[],[],[],[],[],[],[],[],[],[],[],[],[],[],[],[],[],[],[],[],[],[],[],[],[],[],[],[],[],[],[],[],[],[]],"gold_per_floor":[119,132,182,201,218,244,244,261,261,261,272,285,210,242,242,321,321,334,5,16,16,16,48,64,64,64,64,77,77,94,128,128,204,204,224,30,46,61,74,74,99,99,99,112,159,132,132,211,211,211,211,211,211,21,46,46],"floor_reached":56,"playtime":5194,"items_purged":["Strike_B","Strike_B","Zap"],"score":1872,"play_id":"3e59bf6c-a5ec-4fce-ac85-40cb733150d7","local_time":"20240215212536","score_breakdown":["Ebenen aufgestiegen (56): 280","Gegner erschlagen (18): 36","Exordium-Eliten get?tet (2): 20","Stadt-Eliten get?tet (2): 40","Jenseits-Eliten get?tet (2): 60","Bosse get?tet (4): 500","Aufstieg (20): 936"],"is_ascension_mode":true,"potions_obtained_alchemize":[[],[],[],[],[],[],[],[],[],[],[],[],[],[],[],[],[],[],[],[],[],[],[],[],[],[],[],[],[],[],[],[],[],[],[],[],[],[],[],[],[],[],[],[],[],[],[],[],[],[],[],[],[],[],[],[]],"campfire_choices":[{"data":"Loop","floor":7,"key":"SMITH"},{"floor":10,"key":"REST"},{"data":"Sweeping Beam","floor":15,"key":"SMITH"},{"data":"Redo","floor":25,"key":"SMITH"},{"data":"Capacitor","floor":32,"key":"SMITH"},{"data":"Fission","floor":40,"key":"SMITH"},{"data":"Reboot","floor":42,"key":"SMITH"},{"floor":47,"key":"RECALL"},{"data":"Static Discharge","floor":49,"key":"SMITH"},{"data":"Rainbow","floor":53,"key":"SMITH"}],"lesson_learned_per_floor":[[],[],[],[],[],[],[],[],[],[],[],[],[],[],[],[],[],[],[],[],[],[],[],[],[],[],[],[],[],[],[],[],[],[],[],[],[],[],[],[],[],[],[],[],[],[],[],[],[],[],[],[],[],[],[],[]],"neow_cost":"NONE","improvable_cards":{},"seed_source_timestamp":12857108370501,"shop_contents":[{"floor":13,"relics":["Blood Vial","Omamori","Cauldron"],"cards":["Melter","Rebound","Steam","Multi-Cast","Storm","Good Instincts","Chrysalis"],"potions":["LiquidMemories","SteroidPotion","Energy Potion"]},{"floor":19,"relics":["Incense Burner","Lizard Tail"],"cards":["Doom and Gloom","Stack","Redo","Static Discharge","Madness","Secret Technique"],"potions":["Regen Potion","Regen Potion","GamblersBrew"]},{"floor":27,"relics":["Ice Cream","Bronze Scales","Lee\u0027s Waffle"],"cards":["Beam Cell","Lockon","Conserve Battery","Stack","Static Discharge","Good Instincts","Apotheosis"],"potions":["Block Potion","Strength Potion","Block Potion"]},{"floor":36,"relics":["Bottled Tornado","Toy Ornithopter"],"cards":["Meteor Strike","Lockon","Conserve Battery","Storm","Dramatic Entrance","Secret Weapon"],"potions":["LiquidBronze","Fire Potion","Fire Potion"]},{"floor":46,"relics":["Strawberry","Dream Catcher","Sling"],"cards":["Blizzard","Go for the Eyes","Reinforced Body","Chaos","Static Discharge","Dramatic Entrance","Master of Strategy"],"potions":["Block Potion","BlessingOfTheForge"]},{"floor":54,"relics":["Calipers","Bag of Marbles"],"cards":["Beam Cell","Doom and Gloom","Redo","Turbo","Static Discharge","Madness","Mayhem"],"potions":["ColorlessPotion","SpeedPotion"]}],"circlet_count":0,"master_deck":["AscendersBane","Strike_B+1","Strike_B+1","Defend_B+1","Defend_B+1","Defend_B+1","Defend_B+1","Dualcast","Sweeping Beam+1","Chill","Doom and Gloom","Cold Snap","Loop+1","Self Repair","Conserve Battery","Coolheaded","Undo","Rainbow+1","Redo+1","Cold Snap","Skim","Capacitor+1","Fission+1","Cold Snap","Reboot+1","Coolheaded","Turbo","Steam+1","Turbo+1","Barrage+1","Static Discharge+1"],"potion_use_per_floor":[[],[],[],["Dexterity Potion"],[],[],[],[],[],[],[],[],[],[],[],[],[],[],[],[],[],[],["AttackPotion"],[],[],[],[],[],[],[],["Fire Potion"],[],["ColorlessPotion"],[],[],[],[],[],[],[],["Regen Potion"],[],[],["AttackPotion"],["ColorlessPotion"],[],[],[],[],["PotionOfCapacity"],[],[],[],[],["PowerPotion","FocusPotion"],["Swift Potion","DuplicationPotion","DuplicationPotion"]],"relics":["Cracked Core","DataDisk","Oddly Smooth Stone","Mercury Hourglass","Tiny Chest","Coffee Dripper","Toolbox","Boot","White Beast Statue","Potion Belt","Runic Pyramid","Membership Card","Eternal Feather","Meat on the Bone","Du-Vu Doll","TheAbacus","Letter Opener"],"potions_floor_usage":[4,23,31,33,41,44,45,50,55,55,56,56,56],"damage_taken":[{"damage":4,"enemies":"Small Slimes","floor":1,"turns":3},{"damage":0,"enemies":"Jaw Worm","floor":2,"turns":3},{"damage":0,"enemies":"2 Louse","floor":4,"turns":2},{"damage":13,"enemies":"Exordium Thugs","floor":5,"turns":4},{"damage":5,"enemies":"3 Sentries","floor":6,"turns":5},{"damage":5,"enemies":"Red Slaver","floor":8,"turns":2},{"damage":0,"enemies":"2 Fungi Beasts","floor":11,"turns":2},{"damage":10,"enemies":"Large Slime","floor":12,"turns":4},{"damage":1,"enemies":"Lagavulin","floor":14,"turns":5},{"damage":30,"enemies":"Hexaghost","floor":16,"turns":9},{"damage":0,"enemies":"3 Byrds","floor":18,"turns":4},{"damage":0,"enemies":"Chosen","floor":20,"turns":3},{"damage":19,"enemies":"Book of Stabbing","floor":23,"turns":6},{"damage":0,"enemies":"Snake Plant","floor":24,"turns":6},{"damage":0,"enemies":"Chosen and Byrds","floor":28,"turns":7},{"damage":3,"enemies":"Sentry and Sphere","floor":30,"turns":5},{"damage":26,"enemies":"Gremlin Leader","floor":31,"turns":7},{"damage":27,"enemies":"Collector","floor":33,"turns":16},{"damage":0,"enemies":"Orb Walker","floor":35,"turns":4},{"damage":0,"enemies":"3 Darklings","floor":37,"turns":7},{"damage":1,"enemies":"Jaw Worm Horde","floor":38,"turns":6},{"damage":26,"enemies":"Transient","floor":39,"turns":6},{"damage":58,"enemies":"Reptomancer","floor":41,"turns":8},{"damage":0,"enemies":"Writhing Mass","floor":44,"turns":6},{"damage":41,"enemies":"Nemesis","floor":45,"turns":9},{"damage":0,"enemies":"Sphere and 2 Shapes","floor":48,"turns":14},{"damage":13,"enemies":"Donu and Deca","floor":50,"turns":11},{"damage":12,"enemies":"Awakened One","floor":51,"turns":21},{"damage":37,"enemies":"Shield and Spear","floor":55,"turns":8},{"damage":87,"enemies":"The Heart","floor":56,"turns":3}],"green_key_taken_log":14,"seed_played":"6375328554732734832","neow_bonus_log":{"cardsObtained":[],"cardsUpgraded":[],"cardsRemoved":[],"cardsTransformed":[],"relicsObtained":["DataDisk"],"maxHpGained":0,"goldGained":0,"damageTaken":0,"goldLost":0,"maxHpLost":0},"potions_obtained":[{"floor":1,"key":"Dexterity Potion"},{"floor":2,"key":"SpeedPotion"},{"floor":4,"key":"Ancient Potion"},{"floor":5,"key":"AttackPotion"},{"floor":18,"key":"Fire Potion"},{"floor":28,"key":"Regen Potion"},{"floor":31,"key":"ColorlessPotion"},{"floor":33,"key":"ColorlessPotion"},{"floor":35,"key":"DuplicationPotion"},{"floor":37,"key":"PotionOfCapacity"},{"floor":41,"key":"AttackPotion"},{"floor":44,"key":"FocusPotion"},{"floor":45,"key":"Swift Potion"},{"floor":55,"key":"Swift Potion"}],"is_trial":false,"path_per_floor":["M","M","?","M","M","E","R","M","T","R","M","M","$","E","R","B",null,"M","$","M","?","?","E","M","R","T","$","M","T","M","E","R","B",null,"M","$","M","M","M","R","E","R","T","M","E","$","R","M","R","B","B",null,"R","$","E","B"],"character_chosen":"DEFECT","basemod:card_modifiers":[null,null,null,null,null,null,null,null,null,null,null,null,null,null,null,null,null,null,null,null,null,null,null,null,null,null,null,null,null,null,null],"items_purchased":["Toolbox","Cold Snap","Membership Card","Coolheaded","PowerPotion","DuplicationPotion","TheAbacus"],"campfire_rested":1,"item_purchase_floors":[19,19,36,36,46,54,54],"current_hp_per_floor":[60,60,53,53,40,35,35,30,30,51,58,55,55,61,61,38,63,70,70,71,71,71,59,66,66,66,66,66,66,70,51,51,31,61,68,68,71,71,52,52,16,34,34,53,31,31,49,56,71,68,63,69,71,71,53,0],"gold":46,"neow_bonus":"RANDOM_COMMON_RELIC","is_prod":false,"is_daily":false,"rewards_skipped":[{"floor":30,"relics":[],"potions":["SmokeBomb"]},{"floor":38,"relics":[],"potions":["ColorlessPotion"]},{"floor":39,"relics":[],"potions":["Block Potion"]},{"floor":48,"relics":[],"potions":["ColorlessPotion"]}],"chose_seed":false,"campfire_upgraded":8,"win_rate":0,"floor_exit_playtime":[181,246,254,304,363,447,454,487,502,506,579,617,728,802,811,932,1139,1221,1243,1295,1324,1371,1478,1567,1574,1577,1590,1718,1729,1842,1982,2019,2329,2354,2434,2473,2611,2747,2886,2895,3067,3078,3085,3214,3511,3548,3552,3786,3792,4094,4449,4460,4466,4558,4988],"timestamp":1708050336,"blue_key_relic_skipped_log":{"floor":26,"relicID":"Blue Candle"},"path_taken":["M","M","?","M","M","E","R","?","T","R","M","M","$","E","R","BOSS","M","$","M","?","?","E","?","R","T","$","M","?","M","E","R","BOSS","M","?","M","M","M","R","E","R","T","M","E","$","R","M","R","BOSS","BOSS","R","$","E","BOSS"],"build_version":"2022-12-18","purchased_purges":3,"victory":false,"max_hp_per_floor":[71,71,71,71,71,71,71,71,71,71,71,71,71,71,71,71,71,71,71,71,71,71,71,71,71,71,71,71,71,71,71,71,71,71,71,71,71,71,71,71,71,71,71,71,71,71,71,71,71,71,71,71,71,71,71,71],"relic_stats":{"TheAbacus":[12],"counters":[30,195],"Tiny Chest":1,"Eternal Feather":53,"Membership Card":242,"Letter Opener":[15],"Boot":[42],"obtain_stats":[{"Potion Belt":31,"Oddly Smooth Stone":6,"Eternal Feather":41,"Letter Opener":55,"Boot":23,"White Beast Statue":29,"Mercury Hourglass":9,"Du-Vu Doll":45,"DataDisk":0,"TheAbacus":54,"Toolbox":19,"Tiny Chest":14,"Coffee Dripper":17,"Membership Card":36,"Cracked Core":0,"Runic Pyramid":34,"Meat on the Bone":43},{"Potion Belt":17,"Oddly Smooth Stone":5,"Eternal Feather":23,"Letter Opener":29,"Boot":13,"White Beast Statue":15,"Mercury Hourglass":6,"Du-Vu Doll":25,"DataDisk":0,"TheAbacus":28,"Toolbox":11,"Tiny Chest":9,"Coffee Dripper":10,"Membership Card":19,"Cracked Core":0,"Runic Pyramid":18,"Meat on the Bone":23},{"Potion Belt":76,"Oddly Smooth Stone":17,"Eternal Feather":123,"Letter Opener":192,"Boot":52,"White Beast Statue":64,"Mercury Hourglass":19,"Du-Vu Doll":138,"DataDisk":0,"TheAbacus":184,"Toolbox":43,"Tiny Chest":30,"Coffee Dripper":39,"Membership Card":96,"Cracked Core":0,"Runic Pyramid":92,"Meat on the Bone":123}],"White Beast Statue":[0.0,0.0,0.0,0.4,0.0,0.6000000000000001,0.0,0.0,0.0,0.0,0.0,5.483886080000001],"Mercury Hourglass":[626],"Meat on the Bone":36},"card_choices":[{"not_picked":["Hologram","Redo"],"picked":"Sweeping Beam","floor":1},{"not_picked":["Fusion","BootSequence"],"picked":"Chill","floor":2},{"not_picked":["FTL","Conserve Battery"],"picked":"Doom and Gloom","floor":4},{"not_picked":["Barrage","Fusion"],"picked":"Cold Snap","floor":5},{"not_picked":["Darkness","Go for the Eyes"],"picked":"Loop","floor":6},{"not_picked":["Steam Power","Beam Cell"],"picked":"Self Repair","floor":8},{"not_picked":["Ball Lightning","Sunder"],"picked":"Conserve Battery","floor":11},{"not_picked":["Loop","Sweeping Beam"],"picked":"Coolheaded","floor":12},{"not_picked":["Steam","Cold Snap"],"picked":"Undo","floor":14},{"not_picked":["All For One","Meteor Strike"],"picked":"Rainbow","floor":16},{"not_picked":["Reprogram","Steam Power"],"picked":"Redo","floor":18},{"not_picked":["Sweeping Beam","Gash","Redo"],"picked":"SKIP","floor":20},{"not_picked":["Double Energy","Steam","Heatsinks","Melter","Gash","Sweeping Beam","Lockon","Auto Shields","Tempest","Stack","Aggregate","Darkness","Hologram","Beam Cell","Amplify","Undo","White Noise","Barrage","Turbo"],"picked":"Skim","floor":21},{"not_picked":["Fusion","Beam Cell","Undo"],"picked":"SKIP","floor":23},{"not_picked":["Gash","Compile Driver"],"picked":"Capacitor","floor":24},{"not_picked":["Blizzard","Streamline"],"picked":"Fission","floor":28},{"not_picked":["Redo","Barrage"],"picked":"Cold Snap","floor":30},{"not_picked":["Leap","Storm","Streamline"],"picked":"SKIP","floor":31},{"not_picked":["Fission","Hyperbeam"],"picked":"Reboot","floor":33},{"not_picked":["Hello World","Sweeping Beam","Ball Lightning+1"],"picked":"SKIP","floor":35},{"not_picked":["Hello World","Sweeping Beam","Ball Lightning+1"],"picked":"SKIP","floor":35},{"not_picked":["Sweeping Beam+1","Scrape"],"picked":"Turbo","floor":37},{"not_picked":["Chaos","Conserve Battery"],"picked":"Steam+1","floor":38},{"not_picked":["Rebound","Static Discharge"],"picked":"Turbo+1","floor":39},{"not_picked":["Cold Snap","Turbo+1","Redo"],"picked":"SKIP","floor":41},{"not_picked":["Stack","Turbo","Storm"],"picked":"SKIP","floor":44},{"not_picked":["Compile Driver","Beam Cell"],"picked":"Barrage+1","floor":45},{"not_picked":["Turbo","Storm"],"picked":"Static Discharge","floor":48},{"not_picked":["Compile Driver","Static Discharge+1","Rebound"],"picked":"SKIP","floor":55}],"player_experience":6097115,"relics_obtained":[{"floor":6,"key":"Oddly Smooth Stone"},{"floor":9,"key":"Mercury Hourglass"},{"floor":14,"key":"Tiny Chest"},{"floor":23,"key":"Boot"},{"floor":29,"key":"White Beast Statue"},{"floor":31,"key":"Potion Belt"},{"floor":41,"key":"Eternal Feather"},{"floor":43,"key":"Meat on the Bone"},{"floor":45,"key":"Du-Vu Doll"},{"floor":55,"key":"Letter Opener"}],"event_choices":[{"damage_healed":0,"gold_gain":50,"player_choice":"Touch","damage_taken":7,"max_hp_gain":0,"max_hp_loss":0,"event_name":"FaceTrader","floor":3,"gold_loss":0},{"damage_healed":0,"gold_gain":0,"player_choice":"Read","damage_taken":0,"max_hp_gain":0,"max_hp_loss":0,"event_name":"The Library","floor":21,"gold_loss":0,"cards_obtained":["Skim"]},{"damage_healed":0,"gold_gain":0,"player_choice":"Simplicity","damage_taken":0,"max_hp_gain":0,"max_hp_loss":0,"event_name":"Back to Basics","floor":22,"gold_loss":0,"cards_upgraded":["Strike_B","Strike_B","Defend_B","Defend_B","Defend_B","Defend_B"]}],"is_beta":false,"boss_relics":[{"not_picked":["Ectoplasm","Tiny House"],"picked":"Coffee Dripper"},{"not_picked":["Velvet Choker","Astrolabe"],"picked":"Runic Pyramid"}],"items_purged_floors":[13,19,54],"is_endless":false,"potions_floor_spawned":[1,2,4,5,18,28,30,31,33,35,37,38,39,41,44,45,48,55],"killed_by":"The Heart","ascension_level":20,"potion_discard_per_floor":[[],[],[],[],["SpeedPotion"],[],[],[],[],[],[],[],[],[],[],[],[],["Ancient Potion"],[],[],[],[],[],[],[],[],[],[],[],[],[],[],[],[],[],[],[],[],[],[],[],[],[],[],[],["Swift Potion"],[],[],[],[],[],[],[],[],[],[]]}