{"neow_bonuses_skipped_log":["ONE_RANDOM_RARE_CARD","ONE_RARE_RELIC","BOSS_RELIC"],"neow_costs_skipped_log":["NONE","NO_GOLD","NONE"],"potions_obtained_entropic_brew":[[],[],[],[],[],[],[],[],[],[],[],[],[],[],[],[],[],[],[],[],[],[],[],[],[],[],[],[],[],[],[],[],[],[],[],[],[],[],[]],"gold_per_floor":[210,11,23,23,98,112,145,145,215,215,255,280,300,343,343,436,436,454,473,473,487,511,552,552,596,596,351,684,697,737,761,761,854,854,867,255,588,606,606],"floor_reached":39,"playtime":1813,"items_purged":["Anger","Strike_R"],"score":1137,"play_id":"d69dca68-0748-4d48-b8c2-7f753e82986b","local_time":"20240219215348","score_breakdown":["Floors Climbed (39): 195","Enemies Slain (13): 26","Exordium Elites Killed (3): 30","City Elites Killed (4): 80","Beyond Elites Killed (0): 0","Bosses Slain (2): 150","Money Money (1583): 25","Champion (3): 75","Ascension (20): 556"],"is_ascension_mode":true,"potions_obtained_alchemize":[[],[],[],[],[],[],[],[],[],[],[],[],[],[],[],[],[],[],[],[],[],[],[],[],[],[],[],[],[],[],[],[],[],[],[],[],[],[],[]],"campfire_choices":[{"data":"Bludgeon","floor":8,"key":"SMITH"},{"data":"Armaments","floor":10,"key":"SMITH"},{"data":"Battle Trance","floor":15,"key":"SMITH"},{"data":"Impervious","floor":24,"key":"SMITH"},{"data":"Dual Wield","floor":32,"key":"SMITH"}],"lesson_learned_per_floor":[[],[],[],[],[],[],[],[],[],[],[],[],[],[],[],[],[],[],[],[],[],[],[],[],[],[],[],[],[],[],[],[],[],[],[],[],[],[],[]],"neow_cost":"NONE","improvable_cards":{},"seed_source_timestamp":29730862015678,"shop_contents":[{"floor":2,"relics":["Lantern","Mummified Hand","HandDrill"],"cards":["Dual Wield","Second Wind","Metallicize","Swift Strike","Magnetism"],"potions":["BloodPotion","SteroidPotion","AttackPotion"]},{"floor":27,"relics":["Du-Vu Doll","Girya","Chemical X"],"cards":["Heavy Blade+1","Havoc","Discovery","Chrysalis"],"potions":["PowerPotion","EssenceOfSteel","Weak Potion"]},{"floor":36,"relics":["Bronze Scales"],"cards":["Uppercut+1","Dropkick+1","Armaments","Battle Trance","Deep Breath","Sadistic Nature+1"],"potions":["FearPotion","BlessingOfTheForge","ColorlessPotion"]}],"circlet_count":0,"master_deck":["AscendersBane","Strike_R","Strike_R","Strike_R","Strike_R","Defend_R","Defend_R","Defend_R","Defend_R","Bash","Shrug It Off","Bludgeon+1","Armaments+1","Impervious+1","Exhume","Iron Wave+1","Clothesline+1","Pommel Strike+1","Battle Trance+1","Barricade","Carnage+1","Uppercut+1","Second Wind","Shrug It Off","Feel No Pain+1","Dual Wield+1","Pommel Strike+1","Shrug It Off","Feel No Pain+1","Power Through","Exhume","Dark Embrace+1","Burning Pact"],"potion_use_per_floor":[[],[],[],[],[],[],[],[],[],[],["AttackPotion"],[],[],[],[],["Dexterity Potion"],[],[],[],[],[],["BloodPotion"],["Strength Potion"],[],[],[],[],[],[],[],[],[],[],[],[],[],[],[],["BloodPotion","Regen Potion"]],"relics":["Burning Blood","Anchor","Molten Egg 2","Blue Candle","Snecko Eye","Gremlin Horn","Red Skull","Frozen Egg 2","Old Coin","Pear","SacredBark","HornCleat","Medical Kit"],"potions_floor_usage":[11,16,22,23,39,39],"damage_taken":[{"damage":6,"enemies":"Small Slimes","floor":1,"turns":4},{"damage":1,"enemies":"Cultist","floor":3,"turns":4},{"damage":2,"enemies":"Jaw Worm","floor":6,"turns":3},{"damage":17,"enemies":"Lagavulin","floor":7,"turns":7},{"damage":6,"enemies":"Gremlin Nob","floor":11,"turns":3},{"damage":4,"enemies":"2 Fungi Beasts","floor":12,"turns":3},{"damage":0,"enemies":"Looter","floor":13,"turns":2},{"damage":26,"enemies":"Lagavulin","floor":14,"turns":9},{"damage":24,"enemies":"The Guardian","floor":16,"turns":14},{"damage":0,"enemies":"Chosen","floor":18,"turns":6},{"damage":0,"enemies":"3 Byrds","floor":19,"turns":8},{"damage":40,"enemies":"3 Cultists","floor":21,"turns":6},{"damage":2,"enemies":"Snecko","floor":22,"turns":3},{"damage":0,"enemies":"Gremlin Leader","floor":23,"turns":5},{"damage":0,"enemies":"Slavers","floor":25,"turns":7},{"damage":0,"enemies":"Gremlin Leader","floor":28,"turns":4},{"damage":6,"enemies":"Shelled Parasite and Fungi","floor":29,"turns":4},{"damage":1,"enemies":"Book of Stabbing","floor":30,"turns":5},{"damage":0,"enemies":"Chosen and Byrds","floor":31,"turns":4},{"damage":21,"enemies":"Champ","floor":33,"turns":11},{"damage":0,"enemies":"3 Shapes","floor":35,"turns":6},{"damage":0,"enemies":"Orb Walker","floor":38,"turns":2},{"damage":127,"enemies":"Transient","floor":39,"turns":6}],"green_key_taken_log":14,"seed_played":"-5582657316569910307","neow_bonus_log":{"cardsObtained":[],"cardsUpgraded":[],"cardsRemoved":[],"cardsTransformed":[],"relicsObtained":[],"maxHpGained":0,"goldGained":100,"damageTaken":0,"goldLost":0,"maxHpLost":0},"potions_obtained":[{"floor":1,"key":"AttackPotion"},{"floor":12,"key":"Dexterity Potion"},{"floor":13,"key":"Dexterity Potion"},{"floor":21,"key":"BloodPotion"},{"floor":22,"key":"Strength Potion"},{"floor":25,"key":"Regen Potion"},{"floor":30,"key":"Ancient Potion"},{"floor":35,"key":"BloodPotion"}],"is_trial":false,"path_per_floor":["M","$","M","?","?","M","E","R","T","R","E","M","M","E","R","B",null,"M","M","?","M","M","E","R","E","T","$","E","M","E","M","R","B",null,"M","$","?","M","M"],"character_chosen":"IRONCLAD","basemod:card_modifiers":[null,null,null,null,null,null,null,null,null,null,null,null,null,null,null,null,null,null,null,null,null,null,null,null,null,null,null,null,null,null,null,null,null],"items_purchased":["Anger","Bludgeon","Feel No Pain+1","Dual Wield","Pommel Strike+1","Dark Embrace+1","HornCleat","Medical Kit"],"campfire_rested":0,"item_purchase_floors":[2,2,27,27,27,36,36,36],"current_hp_per_floor":[68,68,73,68,57,61,50,50,50,50,50,52,58,38,38,20,56,62,68,68,34,51,57,57,63,63,63,68,68,78,78,78,63,74,78,78,78,78,0],"gold":606,"neow_bonus":"HUNDRED_GOLD","is_prod":false,"is_daily":false,"rewards_skipped":[{"floor":29,"relics":[],"potions":["BlessingOfTheForge"]},{"floor":31,"relics":[],"potions":["Block Potion"]}],"chose_seed":false,"campfire_upgraded":5,"win_rate":0,"floor_exit_playtime":[60,79,111,115,122,149,214,221,227,234,262,284,298,382,390,518,542,605,717,734,815,852,924,933,1003,1005,1075,1165,1224,1298,1340,1346,1496,1523,1600,1626,1637,1681],"timestamp":1708397628,"blue_key_relic_skipped_log":{"floor":9,"relicID":"Bottled Flame"},"path_taken":["M","$","M","?","?","M","E","R","T","R","E","M","M","E","R","BOSS","M","M","?","M","?","E","R","E","T","$","E","M","E","M","R","BOSS","M","$","?","M","M"],"build_version":"2022-12-18","purchased_purges":2,"victory":false,"max_hp_per_floor":[75,75,75,68,68,68,68,68,68,68,68,68,68,68,68,68,68,68,68,68,68,68,68,68,68,68,68,68,68,78,78,78,78,78,78,78,78,78,78],"relic_stats":{"Gremlin Horn":[9,9],"counters":[23,126],"Blue Candle":[0],"Snecko Eye":[131,151,137,154,-157],"Medical Kit":[0],"obtain_stats":[{"Pear":30,"Gremlin Horn":23,"Golden Idol":4,"Blue Candle":14,"SacredBark":34,"Frozen Egg 2":26,"Medical Kit":36,"Burning Blood":0,"Old Coin":28,"Anchor":7,"HornCleat":36,"Snecko Eye":17,"Molten Egg 2":11,"Red Skull":25},{"Pear":18,"Gremlin Horn":14,"Golden Idol":2,"Blue Candle":8,"SacredBark":20,"Frozen Egg 2":15,"Medical Kit":21,"Burning Blood":0,"Old Coin":16,"Anchor":4,"HornCleat":21,"Snecko Eye":9,"Molten Egg 2":5,"Red Skull":15},{"Pear":97,"Gremlin Horn":77,"Golden Idol":8,"Blue Candle":35,"SacredBark":112,"Frozen Egg 2":84,"Medical Kit":118,"Burning Blood":0,"Old Coin":88,"Anchor":18,"HornCleat":118,"Snecko Eye":49,"Molten Egg 2":21,"Red Skull":84}],"Burning Blood":112},"card_choices":[{"not_picked":["Cleave","Clash"],"picked":"Shrug It Off","floor":1},{"not_picked":["Thunderclap","Dual Wield"],"picked":"Armaments","floor":3},{"not_picked":["Perfected Strike","Rupture"],"picked":"Impervious","floor":6},{"not_picked":["Anger","Feel No Pain"],"picked":"Exhume","floor":7},{"not_picked":["Cleave+1","Infernal Blade"],"picked":"Iron Wave+1","floor":11},{"not_picked":["Armaments","Reckless Charge+1"],"picked":"Clothesline+1","floor":12},{"not_picked":["Ghostly Armor","Rampage+1"],"picked":"Pommel Strike+1","floor":13},{"not_picked":["Dual Wield","Flex"],"picked":"Battle Trance","floor":14},{"not_picked":["Berserk","Impervious"],"picked":"Barricade","floor":16},{"not_picked":["Body Slam+1","Flex"],"picked":"Carnage+1","floor":18},{"not_picked":["Dropkick+1","Heavy Blade+1","Cleave+1"],"picked":"SKIP","floor":19},{"not_picked":["Heavy Blade+1","Clothesline+1"],"picked":"Uppercut+1","floor":21},{"not_picked":["Sentinel","True Grit"],"picked":"Second Wind","floor":22},{"not_picked":["Clothesline+1","Second Wind","Berserk"],"picked":"SKIP","floor":23},{"not_picked":["Cleave+1","Metallicize"],"picked":"Shrug It Off","floor":25},{"not_picked":["True Grit","Cleave+1"],"picked":"Shrug It Off","floor":28},{"not_picked":["Sever Soul+1","Wild Strike+1","Anger+1"],"picked":"SKIP","floor":29},{"not_picked":["Fire Breathing+1","Infernal Blade"],"picked":"Feel No Pain+1","floor":30},{"not_picked":["Cleave+1","True Grit"],"picked":"Power Through","floor":31},{"not_picked":["Barricade+1","Offering"],"picked":"Exhume","floor":33},{"not_picked":["Wild Strike+1","Armaments","True Grit"],"picked":"SKIP","floor":35},{"not_picked":["Flex","Shrug It Off+1"],"picked":"Burning Pact","floor":38}],"player_experience":6213396,"relics_obtained":[{"floor":7,"key":"Anchor"},{"floor":11,"key":"Molten Egg 2"},{"floor":14,"key":"Blue Candle"},{"floor":23,"key":"Gremlin Horn"},{"floor":25,"key":"Red Skull"},{"floor":26,"key":"Frozen Egg 2"},{"floor":28,"key":"Old Coin"},{"floor":30,"key":"Pear"}],"event_choices":[{"damage_healed":0,"gold_gain":0,"player_choice":"Lose Max HP","damage_taken":0,"relics_obtained":["Golden Idol"],"max_hp_gain":0,"max_hp_loss":7,"event_name":"Golden Idol","floor":4,"gold_loss":0},{"damage_healed":0,"gold_gain":75,"player_choice":"Gather Gold","damage_taken":11,"max_hp_gain":0,"max_hp_loss":0,"event_name":"World of Goop","floor":5,"gold_loss":0},{"damage_healed":0,"gold_gain":0,"player_choice":"0 cards matched","damage_taken":0,"max_hp_gain":0,"max_hp_loss":0,"event_name":"Match and Keep!","floor":20,"gold_loss":0,"cards_obtained":[]},{"damage_healed":0,"gold_gain":333,"player_choice":"Gave Idol","damage_taken":0,"max_hp_gain":0,"max_hp_loss":0,"event_name":"The Moai Head","floor":37,"relics_lost":["Golden Idol"],"gold_loss":0}],"is_beta":false,"boss_relics":[{"not_picked":["Runic Dome","Cursed Key"],"picked":"Snecko Eye"},{"not_picked":["Runic Cube","Runic Pyramid"],"picked":"SacredBark"}],"items_purged_floors":[27,36],"is_endless":false,"potions_floor_spawned":[1,12,13,21,22,25,29,30,31,35],"killed_by":"Transient","ascension_level":20,"potion_discard_per_floor":[[],[],[],[],[],[],[],[],[],[],[],[],[],[],[],[],[],[],[],[],[],[],[],[],[],[],[],[],[],["Dexterity Potion"],[],[],[],[],["Ancient Potion"],[],[],[],[]]}