{"neow_bonuses_skipped_log":["THREE_SMALL_POTIONS","RANDOM_COLORLESS_2","BOSS_RELIC"],"neow_costs_skipped_log":["NONE","NO_GOLD","NONE"],"potions_obtained_entropic_brew":[[],[],[],[],[],[],[],[],[],[],[],[],[],[],[],[],[],[],[],[],[],[],[],[],[],[],[],[],[],[],[],[],[],[],[],[],[],[],[],[],[],[],[],[],[],[],[],[],[],[],[],[],[],[],[],[],[]],"gold_per_floor":[117,129,141,152,168,168,199,199,199,233,249,275,2,33,33,110,110,87,103,117,133,133,168,168,193,205,217,263,35,69,86,86,165,165,181,2,0,19,38,38,38,68,142,174,174,124,144,162,162,162,162,162,162,48,76,76],"floor_reached":57,"playtime":5714,"items_purged":["All Out Attack","Dagger Spray","Masterful Stab+1","Dash+1"],"score":3474,"play_id":"3e14c92c-b21d-40b3-97c4-36bc7f0c0927","local_time":"20240229192553","score_breakdown":["Floors Climbed (57): 285","Enemies Slain (16): 32","Exordium Elites Killed (3): 30","City Elites Killed (4): 80","Beyond Elites Killed (2): 60","Bosses Slain (5): 750","Champion (5): 125","Beyond Perfect: 200","Overkill: 25","C-c-c-combo: 25","Ascension (20): 1612","Heartbreaker: 250"],"is_ascension_mode":true,"potions_obtained_alchemize":[[],[],[],[],[],[],[],[],[],[],[],[],[],[],[],[],[],["SneckoOil"],["SkillPotion"],["SneckoOil"],["Strength Potion"],[],["Energy Potion"],[],["SkillPotion"],[],[],["FairyPotion"],[],["Block Potion"],["FearPotion"],[],["SpeedPotion"],[],["Regen Potion"],[],[],["Ancient Potion"],["Weak Potion"],[],[],["Fire Potion"],[],["AttackPotion"],[],[],["AttackPotion"],["Dexterity Potion"],[],["LiquidBronze"],["DuplicationPotion"],[],[],[],[],["Fire Potion"],[]],"campfire_choices":[{"data":"A Thousand Cuts","floor":6,"key":"SMITH"},{"data":"Tools of the Trade","floor":8,"key":"SMITH"},{"data":"Wraith Form v2","floor":15,"key":"SMITH"},{"data":"Tactician","floor":24,"key":"SMITH"},{"data":"Wraith Form v2","floor":27,"key":"SMITH"},{"data":"Calculated Gamble","floor":32,"key":"SMITH"},{"floor":40,"key":"RECALL"},{"floor":49,"key":"REST"},{"floor":53,"key":"REST"}],"lesson_learned_per_floor":[[],[],[],[],[],[],[],[],[],[],[],[],[],[],[],[],[],[],[],[],[],[],[],[],[],[],[],[],[],[],[],[],[],[],[],[],[],[],[],[],[],[],[],[],[],[],[],[],[],[],[],[],[],[],[],[],[]],"neow_cost":"NONE","improvable_cards":{},"seed_source_timestamp":26993674711623,"shop_contents":[{"floor":13,"relics":["Bronze Scales","HandDrill"],"cards":["Dagger Throw","Underhanded Strike","Bouncing Flask","Concentrate","Caltrops","Good Instincts","Secret Technique"],"potions":["AttackPotion","Poison Potion","SpeedPotion"]},{"floor":29,"relics":["CeramicFish","Blood Vial","Akabeko"],"cards":["Flechettes","All Out Attack","Blade Dance","Deadly Poison","Well Laid Plans","Flash of Steel","Master of Strategy"],"potions":["AttackPotion","BlessingOfTheForge","DistilledChaos"]},{"floor":36,"relics":["Meat on the Bone","StoneCalendar","Bottled Flame"],"cards":["Heel Hook","Bane","Blade Dance","Cloak And Dagger","Envenom","Swift Strike","HandOfGreed"],"potions":["DuplicationPotion","DistilledChaos","BlessingOfTheForge"]},{"floor":46,"relics":["Letter Opener","Art of War","Membership Card"],"cards":["Dagger Throw","Die Die Die","Deflect","Deadly Poison","Caltrops","Flash of Steel","The Bomb"],"potions":["SpeedPotion","BlessingOfTheForge","SkillPotion"]},{"floor":54,"relics":["Lantern","Orichalcum","PrismaticShard"],"cards":["Sucker Punch","Bane","Prepared","PiercingWail","Infinite Blades","Finesse","The Bomb"],"potions":["DuplicationPotion","AttackPotion","Poison Potion"]}],"circlet_count":0,"master_deck":["AscendersBane","Survivor+1","Neutralize+1","Discovery+1","Slice+1","A Thousand Cuts+1","Dagger Throw+1","Tools of the Trade+1","Wraith Form v2+1","Terror+1","Venomology+1","Escape Plan+1","Escape Plan+1","Night Terror+1","Adrenaline+1","Leg Sweep+1","Predator+1","Blur+1","Leg Sweep+1","Accuracy+1","Deflect+1","Backflip+1","Calculated Gamble+1","Tactician+1","Wraith Form v2+1","Footwork+1","Calculated Gamble+1","Night Terror+1","Backflip+1","Deflect+1","Acrobatics+1","Well Laid Plans"],"potion_use_per_floor":[[],[],[],[],[],[],["SteroidPotion"],[],[],[],[],[],[],[],[],["CunningPotion"],[],[],["SneckoOil"],["SkillPotion"],["Dexterity Potion"],[],["DuplicationPotion"],[],["Energy Potion"],[],[],["Strength Potion"],[],["SkillPotion","Block Potion"],[],[],["FearPotion"],[],["SpeedPotion"],[],[],["Regen Potion"],["Ancient Potion"],[],[],["Weak Potion"],[],["Fire Potion","AttackPotion"],[],[],[],["AttackPotion"],[],["Dexterity Potion"],["LiquidBronze"],[],[],[],[],["DuplicationPotion","Swift Potion","Fire Potion"],[]],"relics":["Ring of the Snake","Smiling Mask","Sundial","Question Card","Odd Mushroom","Pantograph","Calipers","Pandora\u0027s Box","Nunchaku","MawBank","The Courier","HornCleat","TheAbacus","Bottled Tornado","Fusion Hammer","Frozen Eye","Red Mask","Lizard Tail","Tough Bandages","Mark of the Bloom","FossilizedHelix"],"potions_floor_usage":[7,16,19,20,21,23,25,28,30,30,33,35,38,39,42,44,44,48,50,51,56,56,56],"damage_taken":[{"damage":0,"enemies":"Cultist","floor":1,"turns":3},{"damage":1,"enemies":"Jaw Worm","floor":2,"turns":4},{"damage":0,"enemies":"Small Slimes","floor":3,"turns":4},{"damage":1,"enemies":"Looter","floor":4,"turns":4},{"damage":7,"enemies":"2 Fungi Beasts","floor":5,"turns":3},{"damage":2,"enemies":"3 Sentries","floor":7,"turns":5},{"damage":22,"enemies":"Lagavulin","floor":10,"turns":10},{"damage":0,"enemies":"Lots of Slimes","floor":11,"turns":1},{"damage":1,"enemies":"The Mushroom Lair","floor":12,"turns":4},{"damage":12,"enemies":"Gremlin Nob","floor":14,"turns":4},{"damage":19,"enemies":"Hexaghost","floor":16,"turns":8},{"damage":10,"enemies":"2 Thieves","floor":18,"turns":5},{"damage":0,"enemies":"Spheric Guardian","floor":19,"turns":4},{"damage":0,"enemies":"Centurion and Healer","floor":20,"turns":10},{"damage":3,"enemies":"Snake Plant","floor":21,"turns":7},{"damage":2,"enemies":"Slavers","floor":23,"turns":5},{"damage":10,"enemies":"Book of Stabbing","floor":25,"turns":5},{"damage":0,"enemies":"Gremlin Leader","floor":28,"turns":5},{"damage":0,"enemies":"Slavers","floor":30,"turns":6},{"damage":0,"enemies":"3 Cultists","floor":31,"turns":4},{"damage":2,"enemies":"Champ","floor":33,"turns":32},{"damage":0,"enemies":"3 Darklings","floor":35,"turns":7},{"damage":0,"enemies":"Orb Walker","floor":38,"turns":5},{"damage":0,"enemies":"Writhing Mass","floor":39,"turns":7},{"damage":0,"enemies":"Giant Head","floor":42,"turns":12},{"damage":0,"enemies":"Reptomancer","floor":44,"turns":10},{"damage":0,"enemies":"4 Shapes","floor":47,"turns":4},{"damage":0,"enemies":"Sphere and 2 Shapes","floor":48,"turns":9},{"damage":0,"enemies":"Awakened One","floor":50,"turns":10},{"damage":0,"enemies":"Donu and Deca","floor":51,"turns":12},{"damage":0,"enemies":"Shield and Spear","floor":55,"turns":7},{"damage":0,"enemies":"The Heart","floor":56,"turns":10}],"green_key_taken_log":44,"seed_played":"-2943130169095832614","neow_bonus_log":{"cardsObtained":[],"cardsUpgraded":[],"cardsRemoved":[],"cardsTransformed":[],"relicsObtained":[],"maxHpGained":0,"goldGained":0,"damageTaken":0,"goldLost":0,"maxHpLost":0},"potions_obtained":[{"floor":2,"key":"CunningPotion"},{"floor":4,"key":"SteroidPotion"},{"floor":10,"key":"FearPotion"},{"floor":11,"key":"DuplicationPotion"},{"floor":20,"key":"Dexterity Potion"},{"floor":28,"key":"SkillPotion"},{"floor":44,"key":"Swift Potion"}],"is_trial":false,"path_per_floor":["M","M","M","M","M","R","E","R","T","E","M","?","$","E","R","B",null,"M","M","M","M","?","E","R","E","T","R","E","$","E","M","R","B",null,"M","$","?","M","M","R","?","E","T","E","?","$","M","M","R","B","B",null,"R","$","E","B",null],"character_chosen":"THE_SILENT","basemod:card_modifiers":[null,null,null,null,null,null,null,null,null,null,null,null,null,null,null,null,null,null,null,null,null,null,null,null,null,null,null,null,null,null,null,null],"items_purchased":["Pantograph","TheAbacus","Footwork","Frozen Eye","Well Laid Plans"],"campfire_rested":2,"item_purchase_floors":[13,29,29,36,54],"current_hp_per_floor":[59,58,58,57,50,50,48,48,48,26,26,25,25,13,13,19,54,44,44,44,41,41,39,39,29,29,29,29,29,29,29,29,52,63,63,63,63,66,66,66,66,66,66,66,66,66,66,66,66,66,66,66,66,66,66,66],"gold":76,"neow_bonus":"RANDOM_COLORLESS","is_prod":false,"is_daily":false,"rewards_skipped":[{"floor":12,"relics":[],"potions":["SpeedPotion"]},{"floor":14,"relics":[],"potions":["Ancient Potion"]},{"floor":21,"relics":[],"potions":["Explosive Potion"]},{"floor":31,"relics":[],"potions":["Energy Potion"]},{"floor":42,"relics":[],"potions":["SneckoOil"]},{"floor":48,"relics":[],"potions":["BlessingOfTheForge"]}],"chose_seed":false,"campfire_upgraded":6,"win_rate":0,"floor_exit_playtime":[55,84,123,159,200,231,291,306,309,403,440,475,491,531,537,662,696,825,898,1101,1189,1224,1326,1339,1412,1417,1423,1504,1560,1678,1759,1764,2283,2305,2502,2518,2523,2633,2929,2933,2945,3236,3239,3437,3465,3484,3645,3868,3872,4488,4898,4910,4914,4932,5259,5714],"timestamp":1709252753,"blue_key_relic_skipped_log":{"floor":43,"relicID":"StrikeDummy"},"path_taken":["M","?","M","M","M","R","E","R","T","E","?","?","?","E","R","BOSS","M","M","M","M","?","E","R","E","T","R","E","$","E","M","R","BOSS","M","$","?","?","M","R","?","E","T","E","?","?","M","M","R","BOSS","BOSS","R","$","E","BOSS"],"build_version":"2022-12-18","purchased_purges":4,"victory":true,"max_hp_per_floor":[66,66,66,66,66,66,66,66,66,66,66,66,66,66,66,66,66,66,66,66,66,66,66,66,66,66,66,66,66,66,66,66,66,66,66,66,66,66,66,66,66,66,66,66,66,66,66,66,66,66,66,66,66,66,66,66],"relic_stats":{"Mark of the Bloom":113,"Calipers":[4514],"counters":[32,226],"The Courier":185,"Bottled Tornado":"Tools of the Trade","Smiling Mask":160,"Question Card":22,"MawBank":48,"Frozen Eye":310.84195,"Nunchaku":[25],"Lizard Tail":0,"Tough Bandages":[2838],"TheAbacus":[642],"Sundial":[84],"Pantograph":50,"Pandora\u0027s Box":["Escape Plan","All Out Attack","Escape Plan","Night Terror","Adrenaline","Leg Sweep","Predator","Blur","Leg Sweep","Accuracy"],"obtain_stats":[{"Mark of the Bloom":45,"Calipers":14,"The Courier":26,"Odd Mushroom":12,"Bottled Tornado":30,"Smiling Mask":7,"Question Card":10,"MawBank":25,"Frozen Eye":36,"Nunchaku":23,"Lizard Tail":42,"Tough Bandages":44,"HornCleat":28,"TheAbacus":29,"Sundial":9,"Pantograph":13,"Pandora\u0027s Box":17,"Fusion Hammer":34,"Red Mask":37,"FossilizedHelix":55,"Ring of the Snake":0},{"Mark of the Bloom":26,"Calipers":10,"The Courier":17,"Odd Mushroom":9,"Bottled Tornado":19,"Smiling Mask":6,"Question Card":7,"MawBank":17,"Frozen Eye":22,"Nunchaku":16,"Lizard Tail":25,"Tough Bandages":26,"HornCleat":18,"TheAbacus":18,"Sundial":6,"Pantograph":9,"Pandora\u0027s Box":11,"Fusion Hammer":21,"Red Mask":22,"FossilizedHelix":31,"Ring of the Snake":0},{"Mark of the Bloom":174,"Calipers":42,"The Courier":86,"Odd Mushroom":38,"Bottled Tornado":97,"Smiling Mask":23,"Question Card":33,"MawBank":86,"Frozen Eye":140,"Nunchaku":81,"Lizard Tail":164,"Tough Bandages":174,"HornCleat":91,"TheAbacus":91,"Sundial":23,"Pantograph":38,"Pandora\u0027s Box":50,"Fusion Hammer":133,"Red Mask":140,"FossilizedHelix":216,"Ring of the Snake":0}],"FossilizedHelix":[20],"Ring of the Snake":[64]},"card_choices":[{"not_picked":["Blind","Flash of Steel"],"picked":"Discovery","floor":0},{"not_picked":["Underhanded Strike","Dodge and Roll"],"picked":"Slice","floor":1},{"not_picked":["Dagger Throw","Poisoned Stab"],"picked":"Dash","floor":2},{"not_picked":["Dodge and Roll","Prepared"],"picked":"Dagger Spray","floor":3},{"not_picked":["Underhanded Strike","Bane"],"picked":"A Thousand Cuts","floor":4},{"not_picked":["Bane","Skewer"],"picked":"Dagger Throw","floor":5},{"not_picked":["Outmaneuver","Concentrate"],"picked":"Tools of the Trade","floor":7},{"not_picked":["Outmaneuver","Deflect"],"picked":"Masterful Stab","floor":10},{"not_picked":["Sucker Punch","Deadly Poison","Dash","Quick Slash"],"picked":"SKIP","floor":11},{"not_picked":["Distraction","Prepared","Backstab"],"picked":"Wraith Form v2","floor":12},{"not_picked":["Riddle With Holes","Masterful Stab","Underhanded Strike"],"picked":"Terror","floor":14},{"not_picked":["Adrenaline","Wraith Form v2","Phantasmal Killer"],"picked":"Venomology","floor":16},{"not_picked":["Dagger Throw","Bane","Finisher"],"picked":"Deflect","floor":18},{"not_picked":["Bouncing Flask","All Out Attack","Noxious Fumes","Prepared"],"picked":"SKIP","floor":19},{"not_picked":["Poisoned Stab","Acrobatics","Endless Agony"],"picked":"Backflip+1","floor":20},{"not_picked":["Sucker Punch","Slice","Flying Knee"],"picked":"Calculated Gamble","floor":21},{"not_picked":["Terror+1","Backflip","Infinite Blades"],"picked":"Tactician","floor":23},{"not_picked":["Endless Agony","Riddle With Holes","Slice"],"picked":"Wraith Form v2","floor":25},{"not_picked":["Skewer","Venomology","PiercingWail"],"picked":"Calculated Gamble","floor":30},{"not_picked":["Setup","Slice","Deadly Poison","Bane"],"picked":"SKIP","floor":31},{"not_picked":["Unload","Malaise","Tools of the Trade"],"picked":"Night Terror","floor":33},{"not_picked":["Quick Slash","Bane","Expertise","Noxious Fumes+1"],"picked":"SKIP","floor":35},{"not_picked":["Choke","Bane","Deflect"],"picked":"Backflip","floor":38},{"not_picked":["Finisher+1","Outmaneuver+1","Dagger Throw"],"picked":"Deflect+1","floor":39},{"not_picked":["Bane","Cloak And Dagger","Leg Sweep","Distraction+1"],"picked":"SKIP","floor":42},{"not_picked":["Leg Sweep","Blade Dance+1","Slice+1"],"picked":"Acrobatics","floor":44},{"not_picked":["Slice+1","Flechettes","Malaise","Dodge and Roll"],"picked":"SKIP","floor":47},{"not_picked":["Bane","Deflect","PiercingWail","Blur"],"picked":"SKIP","floor":48},{"not_picked":["Deflect","Corpse Explosion","Masterful Stab","Catalyst+1"],"picked":"SKIP","floor":55}],"player_experience":6393214,"relics_obtained":[{"floor":7,"key":"Smiling Mask"},{"floor":9,"key":"Sundial"},{"floor":10,"key":"Question Card"},{"floor":12,"key":"Odd Mushroom"},{"floor":14,"key":"Calipers"},{"floor":23,"key":"Nunchaku"},{"floor":25,"key":"MawBank"},{"floor":26,"key":"The Courier"},{"floor":28,"key":"HornCleat"},{"floor":30,"key":"Bottled Tornado"},{"floor":42,"key":"Lizard Tail"},{"floor":44,"key":"Tough Bandages"},{"floor":55,"key":"FossilizedHelix"}],"event_choices":[{"damage_healed":0,"gold_gain":0,"player_choice":"Fought Mushrooms","damage_taken":0,"max_hp_gain":0,"max_hp_loss":0,"event_name":"Mushrooms","floor":12,"gold_loss":0},{"damage_healed":0,"gold_gain":0,"player_choice":"Ignored","damage_taken":0,"max_hp_gain":0,"max_hp_loss":0,"event_name":"Beggar","floor":22,"gold_loss":0},{"damage_healed":0,"gold_gain":0,"player_choice":"Paid","damage_taken":0,"relics_obtained":["Red Mask"],"max_hp_gain":0,"max_hp_loss":0,"event_name":"Tomb of Lord Red Mask","floor":37,"gold_loss":2},{"damage_healed":0,"gold_gain":0,"player_choice":"Full Heal","damage_taken":0,"max_hp_gain":0,"max_hp_loss":0,"event_name":"Wheel of Change","floor":41,"gold_loss":0},{"damage_healed":0,"gold_gain":0,"player_choice":"Upgrade","damage_taken":0,"relics_obtained":["Mark of the Bloom"],"max_hp_gain":0,"max_hp_loss":0,"event_name":"MindBloom","floor":45,"gold_loss":0,"cards_upgraded":["Survivor","Neutralize","Discovery","Slice","Dash","Dagger Throw","Masterful Stab","Terror","Venomology","Escape Plan","Escape Plan","Night Terror","Adrenaline","Leg Sweep","Predator","Blur","Leg Sweep","Accuracy","Deflect","Calculated Gamble","Footwork","Night Terror","Backflip","Acrobatics"]}],"is_beta":false,"boss_relics":[{"not_picked":["Ectoplasm","Ring of the Serpent"],"picked":"Pandora\u0027s Box"},{"not_picked":["Velvet Choker","WristBlade"],"picked":"Fusion Hammer"}],"items_purged_floors":[29,36,46,54],"is_endless":false,"potions_floor_spawned":[2,4,10,11,12,14,20,21,28,31,42,44,48],"ascension_level":20,"potion_discard_per_floor":[[],[],[],[],[],[],[],[],[],[],["FearPotion"],[],[],[],[],[],[],[],[],["SneckoOil"],[],[],[],[],[],[],[],["SkillPotion"],[],[],[],[],[],[],[],[],[],[],[],[],[],[],[],[],[],[],["FairyPotion"],[],[],[],[],[],[],[],[],[],[]]}