{"neow_bonuses_skipped_log":["THREE_ENEMY_KILL","TWENTY_PERCENT_HP_BONUS","BOSS_RELIC"],"potions_obtained_entropic_brew":[[],[],[],[],[],[],[],[],[],[],[],[],[],[],[],[],[],[],[],[],[],[],[],[],[],[],[],[],[],[],[],[],[],[],[],[],[],[],[],[],[],[],[],[],[],[],[],[],[],[],[],[],[],[],[],[],[]],"neow_costs_skipped_log":["NONE","PERCENT_DAMAGE","NONE"],"gold_per_floor":[117,117,127,142,142,172,172,206,229,229,255,255,268,279,279,352,352,372,552,569,569,569,594,594,607,607,169,169,169,186,201,201,274,274,290,308,327,59,59,87,87,100,100,100,131,148,161,196,196,196,196,196,196,67,102,102],"floor_reached":57,"playtime":3476,"items_purged":["Strike_G","Strike_G"],"score":3014,"play_id":"a65c491a-fcb0-4ee9-8fff-9ce31722e0ca","local_time":"20240228201302","falling_options_log":["Tactician+1","Noxious Fumes"],"score_breakdown":["Floors Climbed (57): 285","Enemies Slain (16): 32","Exordium Elites Killed (3): 30","City Elites Killed (1): 20","Beyond Elites Killed (3): 90","Bosses Slain (5): 750","Speedster: 25","Librarian: 25","Champion (3): 75","Perfect (1): 50","Overkill: 25","Ascension (20): 1357","Heartbreaker: 250"],"is_ascension_mode":true,"potions_obtained_alchemize":[[],[],[],[],[],[],[],[],[],[],[],[],[],[],[],[],[],[],[],[],[],[],[],[],[],[],[],[],[],[],[],[],[],[],[],[],[],[],[],[],[],[],[],[],[],[],[],[],[],[],[],[],[],[],[],[],[]],"campfire_choices":[{"data":"1","floor":7,"key":"LIFT"},{"data":"2","floor":12,"key":"LIFT"},{"data":"3","floor":15,"key":"LIFT"},{"data":"Tactician","floor":24,"key":"SMITH"},{"data":"Prepared","floor":28,"key":"SMITH"},{"data":"Concentrate","floor":32,"key":"SMITH"},{"floor":41,"key":"RECALL"},{"data":"Tools of the Trade","floor":49,"key":"SMITH"},{"data":"Malaise","floor":53,"key":"SMITH"}],"lesson_learned_per_floor":[[],[],[],[],[],[],[],[],[],[],[],[],[],[],[],[],[],[],[],[],[],[],[],[],[],[],[],[],[],[],[],[],[],[],[],[],[],[],[],[],[],[],[],[],[],[],[],[],[],[],[],[],[],[],[],[],[]],"neow_cost":"NONE","improvable_cards":{},"seed_source_timestamp":5342344339909,"shop_contents":[{"floor":27,"relics":["Juzu Bracelet","Bottled Flame"],"cards":["Dagger Throw","Masterful Stab","Madness","Secret Weapon"],"potions":["GamblersBrew","Poison Potion","SkillPotion"]},{"floor":38,"relics":["Akabeko","Orichalcum"],"cards":["Predator","Bane","Escape Plan","Dodge and Roll","Noxious Fumes","PanicButton","Secret Technique"],"potions":["GamblersBrew","Explosive Potion","Fire Potion"]},{"floor":54,"relics":["Anchor","StrikeDummy","OrangePellets"],"cards":["Choke","Flying Knee","Caltrops","Discovery","Metamorphosis"],"potions":["Fire Potion","LiquidMemories","Regen Potion"]}],"circlet_count":0,"master_deck":["AscendersBane","Defend_G","Defend_G","Defend_G","Defend_G","Survivor","Neutralize","Adrenaline","Bouncing Flask","Noxious Fumes","Backflip","Blade Dance","Endless Agony","Blade Dance","Footwork","Tools of the Trade+1","After Image","Leg Sweep","Blade Dance","After Image","Tactician+1","Acrobatics","Terror+1","Footwork","Prepared+1","Acrobatics","Concentrate+1","Malaise+1","Acrobatics+1","Adrenaline+1","Corpse Explosion+1","PiercingWail","Reflex","After Image","Blur+1","Deflect+1","Blur","Tactician","Escape Plan+1"],"potion_use_per_floor":[[],[],[],[],[],["SkillPotion"],[],["Poison Potion"],[],[],[],[],[],[],[],[],[],["BlessingOfTheForge"],[],[],[],[],[],[],[],[],[],[],[],[],[],[],["DistilledChaos"],[],[],[],[],[],[],[],[],[],[],[],["AttackPotion"],[],[],[],[],[],[],[],[],[],[],["ColorlessPotion","EssenceOfSteel"],[]],"relics":["Ring of the Snake","Girya","Bottled Lightning","Strawberry","Mango","Runic Pyramid","Ornamental Fan","Lizard Tail","ClockworkSouvenir","Astrolabe","DollysMirror","Ninja Scroll","Bag of Preparation","Art of War","Mercury Hourglass"],"potions_floor_usage":[6,8,18,33,45,56,56],"damage_taken":[{"damage":0,"enemies":"Cultist","floor":1,"turns":5},{"damage":2,"enemies":"Small Slimes","floor":3,"turns":3},{"damage":0,"enemies":"Jaw Worm","floor":4,"turns":3},{"damage":15,"enemies":"Lagavulin","floor":6,"turns":6},{"damage":6,"enemies":"Gremlin Nob","floor":8,"turns":3},{"damage":9,"enemies":"Lagavulin","floor":11,"turns":6},{"damage":0,"enemies":"3 Louse","floor":13,"turns":1},{"damage":3,"enemies":"Blue Slaver","floor":14,"turns":2},{"damage":22,"enemies":"Hexaghost","floor":16,"turns":8},{"damage":6,"enemies":"2 Thieves","floor":18,"turns":4},{"damage":0,"enemies":"3 Byrds","floor":20,"turns":5},{"damage":12,"enemies":"Book of Stabbing","floor":23,"turns":8},{"damage":11,"enemies":"Snecko","floor":25,"turns":5},{"damage":0,"enemies":"3 Cultists","floor":30,"turns":5},{"damage":6,"enemies":"Snake Plant","floor":31,"turns":4},{"damage":0,"enemies":"Champ","floor":33,"turns":12},{"damage":0,"enemies":"Orb Walker","floor":35,"turns":3},{"damage":0,"enemies":"3 Darklings","floor":36,"turns":1},{"damage":0,"enemies":"Spire Growth","floor":37,"turns":5},{"damage":4,"enemies":"Giant Head","floor":40,"turns":7},{"damage":0,"enemies":"Sphere and 2 Shapes","floor":42,"turns":6},{"damage":0,"enemies":"Reptomancer","floor":45,"turns":6},{"damage":1,"enemies":"Transient","floor":46,"turns":6},{"damage":0,"enemies":"Jaw Worm Horde","floor":47,"turns":1},{"damage":0,"enemies":"Giant Head","floor":48,"turns":8},{"damage":14,"enemies":"Donu and Deca","floor":50,"turns":8},{"damage":15,"enemies":"Awakened One","floor":51,"turns":20},{"damage":0,"enemies":"Shield and Spear","floor":55,"turns":9},{"damage":43,"enemies":"The Heart","floor":56,"turns":12}],"green_key_taken_log":48,"seed_played":"-5310159165995111557","neow_bonus_log":{"cardsObtained":["Adrenaline"],"cardsUpgraded":[],"cardsRemoved":[],"cardsTransformed":[],"relicsObtained":[],"maxHpGained":0,"goldGained":0,"damageTaken":0,"goldLost":0,"maxHpLost":0},"potions_obtained":[{"floor":1,"key":"Poison Potion"},{"floor":4,"key":"SkillPotion"},{"floor":13,"key":"DistilledChaos"},{"floor":16,"key":"BlessingOfTheForge"},{"floor":18,"key":"AttackPotion"},{"floor":35,"key":"AttackPotion"},{"floor":40,"key":"ColorlessPotion"},{"floor":48,"key":"EssenceOfSteel"}],"is_trial":false,"path_per_floor":["M","?","M","M","?","E","R","E","T","?","E","R","M","M","R","B",null,"M","?","M","?","?","E","R","M","T","$","R","?","M","M","R","B",null,"M","M","M","$","?","E","R","M","T","?","E","M","M","E","R","B","B",null,"R","$","E","B",null],"character_chosen":"THE_SILENT","basemod:card_modifiers":[null,null,null,null,null,null,null,null,null,null,null,null,null,null,null,null,null,null,null,null,null,null,null,null,null,null,null,null,null,null,null,null,null,null,null,null,null,null,null],"items_purchased":["ClockworkSouvenir","Footwork","Prepared","Acrobatics","DollysMirror","Blur","Tactician"],"campfire_rested":0,"item_purchase_floors":[27,27,27,27,38,54,54],"current_hp_per_floor":[59,59,57,57,57,42,42,36,43,43,48,48,48,45,45,23,71,65,46,46,46,46,34,34,23,23,23,23,23,23,17,17,17,70,70,70,70,70,70,66,66,66,66,66,66,65,65,65,65,51,36,71,71,71,71,28],"gold":102,"neow_bonus":"ONE_RANDOM_RARE_CARD","is_prod":false,"is_daily":false,"rewards_skipped":[{"floor":23,"relics":[],"potions":["Swift Potion"]},{"floor":42,"relics":[],"potions":["Block Potion"]}],"chose_seed":false,"campfire_upgraded":5,"win_rate":0,"floor_exit_playtime":[59,74,101,134,137,200,208,268,271,275,333,341,365,390,394,469,498,558,593,683,691,741,846,853,923,929,949,959,986,1061,1112,1118,1356,1387,1428,1451,1532,1587,1599,1746,1751,1878,1881,1885,2016,2118,2165,2299,2335,2514,2904,2916,2933,2957,3187,3476],"timestamp":1709169182,"blue_key_relic_skipped_log":{"floor":43,"relicID":"Gremlin Horn"},"path_taken":["M","?","M","M","?","E","R","E","T","?","E","R","M","M","R","BOSS","M","?","M","?","?","E","R","?","T","$","R","?","M","M","R","BOSS","M","M","M","$","?","E","R","M","T","?","E","M","M","E","R","BOSS","BOSS","R","$","E","BOSS"],"build_version":"2022-12-18","purchased_purges":2,"victory":true,"max_hp_per_floor":[66,66,66,66,66,66,66,66,73,73,87,87,87,87,87,87,87,87,87,87,87,87,87,87,87,87,87,87,87,87,87,87,87,87,87,87,87,87,83,83,83,83,83,83,83,83,83,83,83,83,83,83,83,83,83,83],"relic_stats":{"Girya":3,"Lizard Tail":0,"counters":[29,172],"Ornamental Fan":[336],"Astrolabe":["Acrobatics","Adrenaline","Corpse Explosion"],"Bag of Preparation":[0],"Art of War":[20],"Bottled Lightning":"Adrenaline","obtain_stats":[{"Girya":6,"Astrolabe":34,"Mango":11,"Bag of Preparation":45,"ClockworkSouvenir":27,"Mercury Hourglass":55,"Lizard Tail":26,"Ornamental Fan":23,"DollysMirror":38,"Ninja Scroll":40,"Strawberry":9,"Art of War":48,"Bottled Lightning":8,"Ring of the Snake":0,"Runic Pyramid":17},{"Girya":4,"Astrolabe":16,"Mango":6,"Bag of Preparation":22,"ClockworkSouvenir":13,"Mercury Hourglass":28,"Lizard Tail":13,"Ornamental Fan":12,"DollysMirror":19,"Ninja Scroll":20,"Strawberry":5,"Art of War":25,"Bottled Lightning":5,"Ring of the Snake":0,"Runic Pyramid":9},{"Girya":17,"Astrolabe":80,"Mango":26,"Bag of Preparation":108,"ClockworkSouvenir":59,"Mercury Hourglass":160,"Lizard Tail":59,"Ornamental Fan":54,"DollysMirror":89,"Ninja Scroll":96,"Strawberry":20,"Art of War":123,"Bottled Lightning":20,"Ring of the Snake":0,"Runic Pyramid":37}],"Ring of the Snake":[60],"Mercury Hourglass":[36]},"card_choices":[{"not_picked":["Quick Slash","Acrobatics"],"picked":"Bouncing Flask","floor":1},{"not_picked":["Heel Hook","Underhanded Strike"],"picked":"Noxious Fumes","floor":3},{"not_picked":["Tactician","Riddle With Holes"],"picked":"Backflip","floor":4},{"not_picked":["Bullet Time","Poisoned Stab"],"picked":"Blade Dance","floor":6},{"not_picked":["Bane","Caltrops"],"picked":"Endless Agony","floor":8},{"not_picked":["Sucker Punch","Backflip"],"picked":"Blade Dance","floor":11},{"not_picked":["Endless Agony","Dagger Throw"],"picked":"Footwork","floor":13},{"not_picked":["Dodge and Roll","Cloak And Dagger"],"picked":"Tools of the Trade","floor":14},{"not_picked":["Tools of the Trade","Adrenaline"],"picked":"After Image","floor":16},{"not_picked":["Dagger Throw","Quick Slash"],"picked":"Leg Sweep","floor":18},{"not_picked":["Expertise","Flying Knee"],"picked":"Blade Dance","floor":20},{"not_picked":["Outmaneuver","Unload","Sucker Punch","Caltrops","Choke","Concentrate","Dodge and Roll","Blade Dance","Poisoned Stab","Cloak And Dagger","Flying Knee","Deadly Poison","Catalyst","Deflect","Backstab","Acrobatics","Dash","Prepared","Dagger Throw"],"picked":"Tactician","floor":22},{"not_picked":["Dagger Spray+1","Masterful Stab"],"picked":"Acrobatics","floor":23},{"not_picked":["Caltrops","Crippling Poison+1"],"picked":"Terror+1","floor":25},{"not_picked":["Underhanded Strike","Dodge and Roll"],"picked":"Concentrate","floor":31},{"not_picked":["After Image","Wraith Form v2"],"picked":"Malaise","floor":33},{"not_picked":["Deadly Poison","Poisoned Stab","Well Laid Plans"],"picked":"SKIP","floor":35},{"not_picked":["Slice","Prepared"],"picked":"PiercingWail","floor":36},{"not_picked":["Slice","All Out Attack"],"picked":"Reflex","floor":37},{"not_picked":["Skewer","Underhanded Strike","Quick Slash"],"picked":"SKIP","floor":40},{"not_picked":["A Thousand Cuts","Deadly Poison"],"picked":"Blur+1","floor":42},{"not_picked":["Dash","Eviscerate","Sucker Punch"],"picked":"SKIP","floor":45},{"not_picked":["Choke","Cloak And Dagger"],"picked":"Deflect+1","floor":47},{"not_picked":["Deflect","Infinite Blades+1","Sucker Punch"],"picked":"SKIP","floor":48},{"not_picked":["Leg Sweep+1","Noxious Fumes"],"picked":"Escape Plan+1","floor":55}],"player_experience":6382798,"relics_obtained":[{"floor":6,"key":"Girya"},{"floor":8,"key":"Bottled Lightning"},{"floor":9,"key":"Strawberry"},{"floor":11,"key":"Mango"},{"floor":23,"key":"Ornamental Fan"},{"floor":26,"key":"Lizard Tail"},{"floor":40,"key":"Ninja Scroll"},{"floor":45,"key":"Bag of Preparation"},{"floor":48,"key":"Art of War"},{"floor":55,"key":"Mercury Hourglass"}],"event_choices":[{"damage_healed":0,"gold_gain":0,"cards_transformed":["Defend_G"],"player_choice":"Change","damage_taken":0,"max_hp_gain":0,"max_hp_loss":0,"event_name":"Living Wall","floor":2,"gold_loss":0,"cards_obtained":["All Out Attack"]},{"damage_healed":0,"gold_gain":0,"player_choice":"Ignored","damage_taken":0,"max_hp_gain":0,"max_hp_loss":0,"event_name":"Liars Game","floor":5,"gold_loss":0},{"damage_healed":0,"gold_gain":0,"player_choice":"Ignored","damage_taken":0,"max_hp_gain":0,"max_hp_loss":0,"event_name":"Shining Light","floor":10,"gold_loss":0},{"damage_healed":0,"gold_gain":180,"player_choice":"GOLD GOLD ","damage_taken":19,"max_hp_gain":0,"max_hp_loss":0,"event_name":"Knowing Skull","floor":19,"potions_obtained":[],"gold_loss":0,"cards_obtained":[]},{"damage_healed":0,"gold_gain":0,"player_choice":"Copied","damage_taken":0,"max_hp_gain":0,"max_hp_loss":0,"event_name":"Duplicator","floor":21,"gold_loss":0,"cards_obtained":["After Image"]},{"damage_healed":0,"gold_gain":0,"player_choice":"Read","damage_taken":0,"max_hp_gain":0,"max_hp_loss":0,"event_name":"The Library","floor":22,"gold_loss":0,"cards_obtained":["Tactician"]},{"damage_healed":0,"gold_gain":0,"player_choice":"Ignored","damage_taken":0,"max_hp_gain":0,"max_hp_loss":0,"event_name":"Cursed Tome","floor":29,"gold_loss":0},{"damage_healed":0,"gold_gain":0,"player_choice":"Max HP","damage_taken":0,"max_hp_gain":0,"max_hp_loss":4,"event_name":"Winding Halls","floor":39,"gold_loss":0},{"cards_removed":["All Out Attack"],"damage_healed":0,"gold_gain":0,"player_choice":"Removed Attack","damage_taken":0,"max_hp_gain":0,"max_hp_loss":0,"event_name":"Falling","floor":44,"gold_loss":0}],"is_beta":false,"boss_relics":[{"not_picked":["Coffee Dripper","Cursed Key"],"picked":"Runic Pyramid"},{"not_picked":["Sozu","Ring of the Serpent"],"picked":"Astrolabe"}],"items_purged_floors":[27,38],"is_endless":false,"potions_floor_spawned":[1,4,13,16,18,23,35,40,42,48],"ascension_level":20,"potion_discard_per_floor":[[],[],[],[],[],[],[],[],[],[],[],[],[],[],[],[],[],[],[],[],[],[],[],[],[],[],[],[],[],[],[],[],[],[],[],[],[],[],[],["AttackPotion"],[],[],[],[],[],[],[],[],[],[],[],[],[],[],[],[],[]]}