{"neow_bonuses_skipped_log":["ONE_RANDOM_RARE_CARD","HUNDRED_GOLD","BOSS_RELIC"],"potions_obtained_entropic_brew":[[],[],[],[],[],[],[],[],[],[],[],[],[],[],[],[],[],[],[],[],[],[],[],[],[],[],[],[],[],[],[],[],[],[],[],[],[],[],[],[],[]],"neow_costs_skipped_log":["NONE","NONE","NONE"],"gold_per_floor":[20,20,31,43,43,43,76,76,155,205,205,236,255,274,274,347,347,367,383,47,57,72,102,128,128,128,153,173,188,218,43,43,43,43,58,58,280,280,294,308,308],"floor_reached":41,"playtime":1608,"items_purged":["Defend_P","Strike_P"],"score":1026,"play_id":"0b05c5cb-dff2-4b22-ad5e-e0ed2234927b","local_time":"20240227155048","score_breakdown":["Floors Climbed (41): 205","Enemies Slain (14): 28","Exordium Elites Killed (2): 20","City Elites Killed (3): 60","Beyond Elites Killed (0): 0","Bosses Slain (2): 150","Champion (2): 50","Ascension (20): 513"],"is_ascension_mode":true,"potions_obtained_alchemize":[[],[],[],[],[],[],[],[],[],[],[],[],[],[],[],[],[],[],[],[],[],[],[],[],[],[],[],[],[],[],[],[],[],[],[],[],[],[],[],[],[]],"campfire_choices":[{"data":"Eruption","floor":6,"key":"SMITH"},{"data":"TalkToTheHand","floor":8,"key":"SMITH"},{"data":"EmptyFist","floor":11,"key":"SMITH"},{"data":"TalkToTheHand","floor":15,"key":"SMITH"},{"data":"Meditate","floor":32,"key":"SMITH"}],"lesson_learned_per_floor":[[],[],[],[],[],[],[],[],[],[],[],[],[],[],[],[],[],[],[],[],[],[],[],[],[],[],[],[],[],[],[],[],[],[],[],[],[],[],[],[],[]],"neow_cost":"NO_GOLD","improvable_cards":{},"seed_source_timestamp":20366123899839,"shop_contents":[{"floor":5,"relics":["White Beast Statue","Omamori","PrismaticShard"],"cards":["WheelKick","JustLucky","Crescendo","Omniscience","Fasting2","Panacea","Secret Technique"],"potions":["SteroidPotion","Explosive Potion","Ancient Potion"]},{"floor":20,"relics":["Mummified Hand","Bottled Flame"],"cards":["FollowUp","CutThroughFate","Protect","PathToVictory","MasterReality","Transmutation"],"potions":["DistilledChaos","CultistPotion","PowerPotion"]},{"floor":31,"relics":["Dream Catcher","WingedGreaves","Toolbox"],"cards":["CarveReality","Weave","Indignation","Study","Finesse","Secret Weapon"],"potions":["EntropicBrew","CultistPotion","ColorlessPotion"]}],"circlet_count":0,"master_deck":["AscendersBane","Strike_P","Strike_P","Strike_P","Defend_P+1","Eruption+1","Vigilance+1","FearNoEvil","CutThroughFate","EmptyFist+1","TalkToTheHand+1","TalkToTheHand+1","Tantrum","Flash of Steel","MentalFortress","Wireheading+1","Meditate+1","Study"],"potion_use_per_floor":[[],[],[],[],[],[],[],[],[],[],[],[],[],[],[],[],[],[],[],[],[],["Swift Potion"],[],[],[],[],["StancePotion"],[],[],[],[],[],[],[],[],[],[],[],[],[],["Swift Potion","BottledMiracle"]],"relics":["HolyWater","Pantograph","MealTicket","TeardropLocket","War Paint","TheAbacus","Boot","Red Mask","HornCleat","Orichalcum","Tiny Chest","VioletLotus"],"potions_floor_usage":[22,27,41,41],"damage_taken":[{"damage":2,"enemies":"Small Slimes","floor":1,"turns":3},{"damage":4,"enemies":"Jaw Worm","floor":3,"turns":3},{"damage":0,"enemies":"Cultist","floor":4,"turns":2},{"damage":22,"enemies":"Lagavulin","floor":7,"turns":6},{"damage":0,"enemies":"Gremlin Nob","floor":12,"turns":1},{"damage":1,"enemies":"Exordium Wildlife","floor":13,"turns":2},{"damage":1,"enemies":"3 Louse","floor":14,"turns":2},{"damage":2,"enemies":"The Guardian","floor":16,"turns":9},{"damage":0,"enemies":"3 Byrds","floor":18,"turns":6},{"damage":0,"enemies":"Chosen","floor":19,"turns":2},{"damage":10,"enemies":"Sentry and Sphere","floor":21,"turns":3},{"damage":0,"enemies":"Snake Plant","floor":22,"turns":3},{"damage":0,"enemies":"Book of Stabbing","floor":23,"turns":4},{"damage":0,"enemies":"Masked Bandits","floor":24,"turns":3},{"damage":12,"enemies":"Slavers","floor":27,"turns":5},{"damage":0,"enemies":"Centurion and Healer","floor":28,"turns":4},{"damage":7,"enemies":"Shelled Parasite and Fungi","floor":29,"turns":3},{"damage":20,"enemies":"Book of Stabbing","floor":30,"turns":5},{"damage":23,"enemies":"Champ","floor":33,"turns":8},{"damage":6,"enemies":"3 Shapes","floor":35,"turns":5},{"damage":0,"enemies":"3 Darklings","floor":39,"turns":4},{"damage":17,"enemies":"Writhing Mass","floor":40,"turns":5},{"damage":55,"enemies":"Reptomancer","floor":41,"turns":8}],"seed_played":"8118922899347941051","neow_bonus_log":{"cardsObtained":[],"cardsUpgraded":[],"cardsRemoved":["Defend_P","Defend_P"],"cardsTransformed":[],"relicsObtained":[],"maxHpGained":0,"goldGained":0,"damageTaken":0,"goldLost":99,"maxHpLost":0},"potions_obtained":[{"floor":1,"key":"AttackPotion"},{"floor":3,"key":"StancePotion"},{"floor":16,"key":"ColorlessPotion"},{"floor":18,"key":"Swift Potion"},{"floor":23,"key":"CultistPotion"},{"floor":25,"key":"BottledMiracle"},{"floor":29,"key":"BlessingOfTheForge"},{"floor":39,"key":"Swift Potion"}],"is_trial":false,"path_per_floor":["M","?","M","M","$","R","E","R","T","?","R","E","M","M","R","B",null,"M","M","$","M","M","E","?","?","T","E","M","M","E","$","R","B",null,"M","T","?","?","M","M","E"],"character_chosen":"WATCHER","basemod:card_modifiers":[null,null,null,null,null,null,null,null,null,null,null,null,null,null,null,null,null,null],"items_purchased":["TheAbacus","Flash of Steel","Meditate"],"campfire_rested":0,"item_purchase_floors":[20,20,31],"current_hp_per_floor":[59,59,55,55,55,55,33,33,33,33,33,33,32,31,31,54,65,65,65,68,58,58,58,58,58,58,46,46,39,19,34,34,36,60,54,54,54,54,54,37,0],"gold":308,"neow_bonus":"REMOVE_TWO","is_prod":false,"is_daily":false,"rewards_skipped":[{"floor":19,"relics":[],"potions":["DistilledChaos"]},{"floor":25,"relics":[],"potions":["BlessingOfTheForge"]},{"floor":33,"relics":[],"potions":["Ancient Potion"]},{"floor":40,"relics":[],"potions":["DuplicationPotion"]}],"chose_seed":false,"campfire_upgraded":5,"win_rate":0,"floor_exit_playtime":[35,39,63,90,97,103,150,157,162,167,172,189,249,284,289,361,372,429,452,473,504,546,590,631,636,640,718,767,804,863,908,913,1053,1096,1187,1192,1194,1199,1276,1387],"timestamp":1709067048,"blue_key_relic_skipped_log":{"floor":36,"relicID":"Molten Egg 2"},"path_taken":["M","?","M","M","?","R","E","R","T","?","R","E","M","M","R","BOSS","M","M","$","?","M","E","?","?","T","E","M","M","E","$","R","BOSS","M","?","?","?","M","M","E"],"build_version":"2022-12-18","purchased_purges":2,"victory":false,"max_hp_per_floor":[68,68,68,68,68,68,68,68,68,68,68,68,68,68,68,68,68,68,68,68,68,68,68,68,68,68,68,68,68,68,68,68,68,68,68,68,68,65,65,65,65],"relic_stats":{"TheAbacus":[138],"counters":[23,96],"Pantograph":50,"HolyWater":[17],"MealTicket":18,"Tiny Chest":0,"VioletLotus":[22],"War Paint":["Defend_P","Vigilance"],"Orichalcum":[6],"Boot":[194],"obtain_stats":[{"TeardropLocket":9,"War Paint":12,"Orichalcum":27,"Boot":23,"TheAbacus":20,"HornCleat":26,"Pantograph":2,"HolyWater":17,"MealTicket":7,"Tiny Chest":30,"VioletLotus":34,"Red Mask":24,"PureWater":0},{"TeardropLocket":4,"War Paint":5,"Orichalcum":15,"Boot":13,"TheAbacus":10,"HornCleat":14,"Pantograph":1,"HolyWater":8,"MealTicket":4,"Tiny Chest":18,"VioletLotus":19,"Red Mask":14,"PureWater":0},{"TeardropLocket":14,"War Paint":15,"Orichalcum":54,"Boot":46,"TheAbacus":36,"HornCleat":49,"Pantograph":3,"HolyWater":28,"MealTicket":14,"Tiny Chest":66,"VioletLotus":74,"Red Mask":49,"PureWater":0}]},"card_choices":[{"not_picked":["Conclude","Wallop"],"picked":"FearNoEvil","floor":1},{"not_picked":["Indignation","SashWhip"],"picked":"CutThroughFate","floor":3},{"not_picked":["BowlingBash","FlyingSleeves"],"picked":"EmptyFist","floor":4},{"not_picked":["BowlingBash","FlurryOfBlows"],"picked":"TalkToTheHand","floor":7},{"not_picked":["LikeWater","BowlingBash","Consecrate"],"picked":"SKIP","floor":12},{"not_picked":["PathToVictory","EmptyBody"],"picked":"TalkToTheHand","floor":13},{"not_picked":["EmptyBody","EmptyFist","SandsOfTime"],"picked":"SKIP","floor":14},{"not_picked":["ConjureBlade","Brilliance","MasterReality"],"picked":"SKIP","floor":16},{"not_picked":["WaveOfTheHand","PathToVictory"],"picked":"Tantrum","floor":18},{"not_picked":["SashWhip","EmptyFist","CutThroughFate"],"picked":"SKIP","floor":19},{"not_picked":["SandsOfTime","Fasting2","ThirdEye"],"picked":"SKIP","floor":21},{"not_picked":["Conclude","FearNoEvil"],"picked":"MentalFortress","floor":22},{"not_picked":["Halt","ClearTheMind","DeceiveReality"],"picked":"SKIP","floor":23},{"not_picked":["TalkToTheHand+1","Nirvana"],"picked":"Wireheading+1","floor":24},{"not_picked":["Consecrate","Prostrate","CarveReality"],"picked":"SKIP","floor":27},{"not_picked":["WreathOfFlame","FlyingSleeves","Conclude"],"picked":"SKIP","floor":28},{"not_picked":["Scrawl","Vault","Brilliance"],"picked":"SKIP","floor":33},{"not_picked":["ThirdEye+1","MentalFortress"],"picked":"Study","floor":35},{"not_picked":["DeceiveReality+1","EmptyFist","Worship"],"picked":"SKIP","floor":39},{"not_picked":["Evaluate+1","Halt","Indignation"],"picked":"SKIP","floor":40}],"player_experience":6376341,"relics_obtained":[{"floor":7,"key":"MealTicket"},{"floor":9,"key":"TeardropLocket"},{"floor":12,"key":"War Paint"},{"floor":23,"key":"Boot"},{"floor":24,"key":"Red Mask"},{"floor":26,"key":"HornCleat"},{"floor":27,"key":"Orichalcum"},{"floor":30,"key":"Tiny Chest"}],"event_choices":[{"damage_healed":0,"gold_gain":0,"player_choice":"Gave Potion","damage_taken":0,"relics_obtained":["Pantograph"],"max_hp_gain":0,"max_hp_loss":0,"event_name":"WeMeetAgain","floor":2,"gold_loss":0},{"damage_healed":0,"gold_gain":50,"player_choice":"Pray","damage_taken":0,"max_hp_gain":0,"max_hp_loss":0,"event_name":"Golden Shrine","floor":10,"gold_loss":0},{"damage_healed":0,"gold_gain":0,"player_choice":"Fought Bandits","damage_taken":0,"max_hp_gain":0,"max_hp_loss":0,"event_name":"Masked Bandits","floor":24,"gold_loss":0},{"damage_healed":0,"gold_gain":0,"player_choice":"Got Potions","damage_taken":0,"max_hp_gain":0,"max_hp_loss":0,"event_name":"Lab","floor":25,"gold_loss":0},{"damage_healed":0,"gold_gain":222,"player_choice":"Wore Mask","damage_taken":0,"max_hp_gain":0,"max_hp_loss":0,"event_name":"Tomb of Lord Red Mask","floor":37,"gold_loss":0},{"damage_healed":0,"gold_gain":0,"player_choice":"Max HP","damage_taken":0,"max_hp_gain":0,"max_hp_loss":3,"event_name":"Winding Halls","floor":38,"gold_loss":0}],"is_beta":false,"boss_relics":[{"not_picked":["Busted Crown","SlaversCollar"],"picked":"HolyWater"},{"not_picked":["Black Star","Snecko Eye"],"picked":"VioletLotus"}],"items_purged_floors":[20,31],"is_endless":false,"potions_floor_spawned":[1,3,16,18,19,23,29,33,39,40],"killed_by":"Reptomancer","ascension_level":20,"potion_discard_per_floor":[[],[],[],[],[],[],[],[],[],[],[],[],[],[],[],[],[],["ColorlessPotion"],[],[],[],[],[],[],["CultistPotion"],[],[],[],[],[],[],[],[],[],[],[],[],[],["BlessingOfTheForge"],[],[]]}