{"neow_bonuses_skipped_log":["ONE_RANDOM_RARE_CARD","HUNDRED_GOLD","BOSS_RELIC"],"neow_costs_skipped_log":["NONE","NONE","NONE"],"potions_obtained_entropic_brew":[[],[],[],[],[],[],[],[],[],[],[]],"gold_per_floor":[17,36,36,50,66,66,100,114,141,152,152],"floor_reached":11,"playtime":373,"items_purged":[],"score":154,"play_id":"166ad0f7-e495-49b2-ba43-e1baeb0d4e39","local_time":"20240207213510","score_breakdown":["Floors Climbed (11): 55","Enemies Slain (6): 12","Exordium Elites Killed (1): 10","Bosses Slain (0): 0","Ascension (20): 77"],"is_ascension_mode":true,"potions_obtained_alchemize":[[],[],[],[],[],[],[],[],[],[],[]],"campfire_choices":[{"data":"A Thousand Cuts","floor":6,"key":"SMITH"}],"lesson_learned_per_floor":[[],[],[],[],[],[],[],[],[],[],[]],"neow_cost":"NO_GOLD","improvable_cards":{},"seed_source_timestamp":17998261693996,"shop_contents":[],"circlet_count":0,"master_deck":["AscendersBane","Strike_G","Strike_G","Strike_G","Strike_G","Defend_G","Defend_G","Defend_G+1","Defend_G+1","Survivor","Neutralize","Endless Agony","Dagger Spray+1","Flying Knee","A Thousand Cuts+1","Burst","Slice"],"potion_use_per_floor":[[],[],[],[],[],[],["ColorlessPotion"],[],[],[],["Strength Potion"]],"relics":["Ring of the Snake","Gremlin Horn","War Paint"],"potions_floor_usage":[7,11],"damage_taken":[{"damage":1,"enemies":"2 Louse","floor":1,"turns":4},{"damage":0,"enemies":"Cultist","floor":2,"turns":4},{"damage":0,"enemies":"Jaw Worm","floor":4,"turns":4},{"damage":0,"enemies":"2 Fungi Beasts","floor":5,"turns":2},{"damage":17,"enemies":"Lagavulin","floor":7,"turns":7},{"damage":0,"enemies":"Red Slaver","floor":8,"turns":4},{"damage":18,"enemies":"Exordium Wildlife","floor":10,"turns":3},{"damage":32,"enemies":"Gremlin Nob","floor":11,"turns":3}],"seed_played":"-5969896305731371400","neow_bonus_log":{"cardsObtained":[],"cardsUpgraded":[],"cardsRemoved":["Strike_G","Defend_G"],"cardsTransformed":[],"relicsObtained":[],"maxHpGained":0,"goldGained":0,"damageTaken":0,"goldLost":99,"maxHpLost":0},"potions_obtained":[{"floor":1,"key":"ColorlessPotion"},{"floor":2,"key":"Strength Potion"}],"is_trial":false,"path_per_floor":["M","M","?","M","M","R","E","M","T","M","E"],"character_chosen":"THE_SILENT","basemod:card_modifiers":[null,null,null,null,null,null,null,null,null,null,null,null,null,null,null,null,null],"items_purchased":[],"campfire_rested":0,"item_purchase_floors":[],"current_hp_per_floor":[58,58,58,58,58,58,41,41,41,23,0],"gold":152,"neow_bonus":"REMOVE_TWO","is_prod":false,"is_daily":false,"rewards_skipped":[],"chose_seed":false,"campfire_upgraded":1,"win_rate":0,"floor_exit_playtime":[45,105,109,137,174,188,264,298,301,332],"timestamp":1707359710,"path_taken":["M","M","?","M","M","R","E","?","T","M","E"],"build_version":"2022-12-18","purchased_purges":0,"victory":false,"max_hp_per_floor":[66,66,66,66,66,66,66,66,66,66,66],"relic_stats":{"Gremlin Horn":[1,1],"counters":[8,31],"War Paint":["Defend_G","Defend_G"],"obtain_stats":[{"Gremlin Horn":7,"War Paint":9,"Ring of the Snake":0},{"Gremlin Horn":5,"War Paint":6,"Ring of the Snake":0},{"Gremlin Horn":21,"War Paint":25,"Ring of the Snake":0}],"Ring of the Snake":[18]},"card_choices":[{"not_picked":["Sucker Punch","Flechettes"],"picked":"Endless Agony","floor":1},{"not_picked":["Quick Slash","Poisoned Stab"],"picked":"Dagger Spray","floor":2},{"not_picked":["All Out Attack","Finisher"],"picked":"Flying Knee","floor":4},{"not_picked":["Outmaneuver","Setup"],"picked":"A Thousand Cuts","floor":5},{"not_picked":["Skewer","Bane"],"picked":"Burst","floor":7},{"not_picked":["Underhanded Strike","Infinite Blades"],"picked":"Slice","floor":8},{"not_picked":["Outmaneuver","Riddle With Holes","Expertise"],"picked":"SKIP","floor":10}],"player_experience":5921746,"relics_obtained":[{"floor":7,"key":"Gremlin Horn"},{"floor":9,"key":"War Paint"}],"event_choices":[{"damage_healed":0,"gold_gain":0,"player_choice":"Upgraded","damage_taken":0,"max_hp_gain":0,"max_hp_loss":0,"event_name":"Upgrade Shrine","floor":3,"gold_loss":0,"cards_upgraded":["Dagger Spray"]}],"is_beta":false,"boss_relics":[],"items_purged_floors":[],"is_endless":false,"potions_floor_spawned":[1,2],"killed_by":"Gremlin Nob","ascension_level":20,"potion_discard_per_floor":[[],[],[],[],[],[],[],[],[],[],[]]}