{"neow_bonuses_skipped_log":["TRANSFORM_CARD","REMOVE_TWO","BOSS_RELIC"],"potions_obtained_entropic_brew":[[],[],[],[],[],[],[],[],[],[],[],[],[],[],[],[],[],[],[],[],[],[],[],[],[],[],[],[],[],[],[],[],[],[],[],[],[],[],[],[],[],[],[],[],[],[],[],[],[],[],[],[],[],[],[],[],[]],"neow_costs_skipped_log":["NONE","NO_GOLD","NONE"],"gold_per_floor":[214,234,253,67,142,142,142,175,250,266,266,277,277,311,311,384,684,699,714,749,765,314,314,314,314,314,314,314,340,340,357,357,434,434,445,520,531,556,556,582,291,305,386,399,415,444,495,194,194,194,194,194,194,27,57,57],"floor_reached":57,"playtime":4137,"items_purged":["Defend_G","Strike_G","Strike_G"],"score":3026,"play_id":"666fbb73-0564-49b9-871e-b662bfa22cfb","local_time":"20240222181502","score_breakdown":["Floors Climbed (57): 285","Enemies Slain (14): 28","Exordium Elites Killed (2): 20","City Elites Killed (1): 20","Beyond Elites Killed (2): 60","Bosses Slain (5): 750","Money Money (1394): 25","Librarian: 25","Champion (2): 50","Perfect (2): 100","Overkill: 25","C-c-c-combo: 25","Ascension (20): 1363","Heartbreaker: 250"],"is_ascension_mode":true,"potions_obtained_alchemize":[[],[],[],[],[],[],[],[],[],[],[],[],[],[],[],[],[],[],[],[],[],[],[],[],[],[],[],[],[],[],[],[],[],[],["BlessingOfTheForge"],[],["Explosive Potion"],["LiquidMemories"],[],["DistilledChaos"],[],["Ancient Potion"],[],["SteroidPotion"],["Fire Potion"],["Energy Potion"],[],[],[],["LiquidMemories","Block Potion"],["Poison Potion"],[],[],[],["Strength Potion"],["Fire Potion"],[]],"campfire_choices":[{"data":"Predator","floor":6,"key":"SMITH"},{"floor":13,"key":"REST"},{"data":"Well Laid Plans","floor":15,"key":"SMITH"},{"data":"Tactician","floor":23,"key":"SMITH"},{"data":"Noxious Fumes","floor":25,"key":"SMITH"},{"data":"RitualDagger","floor":27,"key":"SMITH"},{"data":"Neutralize","floor":30,"key":"SMITH"},{"data":"Calculated Gamble","floor":32,"key":"SMITH"},{"floor":49,"key":"RECALL"},{"data":"After Image","floor":53,"key":"SMITH"}],"lesson_learned_per_floor":[[],[],[],[],[],[],[],[],[],[],[],[],[],[],[],[],[],[],[],[],[],[],[],[],[],[],[],[],[],[],[],[],[],[],[],[],[],[],[],[],[],[],[],[],[],[],[],[],[],[],[],[],[],[],[],[],[]],"neow_cost":"NONE","improvable_cards":{"RitualDagger+1":[75]},"seed_source_timestamp":5941170564272,"shop_contents":[{"floor":4,"relics":["Omamori","Regal Pillow","Cauldron"],"cards":["Flying Knee","Bane","Catalyst","Forethought","Secret Technique"],"potions":["GhostInAJar","Fire Potion","SkillPotion"]},{"floor":22,"relics":["Singing Bowl","Ice Cream"],"cards":["Slice","Sucker Punch","Distraction","Noxious Fumes","Transmutation"],"potions":["Poison Potion","SkillPotion","FairyPotion"]},{"floor":41,"relics":["Darkstone Periapt","TheAbacus"],"cards":["Sucker Punch","All Out Attack","Reflex","Dodge and Roll","Envenom+1","Madness","Mayhem+1"],"potions":["EssenceOfSteel","Energy Potion","FearPotion"]},{"floor":48,"relics":["White Beast Statue","Ninja Scroll"],"cards":["Flying Knee","Slice","Phantasmal Killer","Deep Breath","Mayhem+1"],"potions":["Weak Potion","DistilledChaos","Poison Potion"]},{"floor":54,"relics":["Du-Vu Doll","StoneCalendar"],"cards":["Finisher","Slice","Acrobatics","Bullet Time","Footwork+1","Mind Blast","The Bomb"],"potions":["DistilledChaos","CunningPotion","SkillPotion"]}],"circlet_count":0,"master_deck":["AscendersBane","Strike_G","Strike_G+1","Strike_G","Defend_G","Defend_G","Defend_G+1","Defend_G","Survivor+1","Neutralize+1","Dagger Throw+1","Sucker Punch","Predator+1","Well Laid Plans+1","PiercingWail","Tactician+1","Acrobatics","Infinite Blades","Noxious Fumes+1","After Image+1","CurseOfTheBell","Backstab","Acrobatics","Catalyst+1","Calculated Gamble+1","PanicButton","RitualDagger+1","Tactician","Reflex+1","Venomology","Backflip+1","Noxious Fumes+1","Footwork+1","Footwork+1","Outmaneuver+1","Burst","Well Laid Plans+1","Catalyst"],"potion_use_per_floor":[[],[],[],[],[],[],[],[],[],[],[],[],[],["DistilledChaos"],[],["BlessingOfTheForge"],[],[],[],["AttackPotion"],[],[],[],[],[],[],[],[],[],[],[],[],["DuplicationPotion"],[],[],[],["Poison Potion"],[],[],["DuplicationPotion"],[],["DistilledChaos"],[],["Fire Potion"],["SteroidPotion"],["Fire Potion"],[],[],[],["LiquidMemories","Energy Potion"],["Block Potion"],[],[],[],["Poison Potion","Strength Potion"],["Fire Potion","LiquidMemories"],[]],"relics":["Ring of the Snake","Mummified Hand","Gremlin Horn","InkBottle","Calling Bell","Tiny Chest","Paper Crane","Old Coin","Red Mask","Lee\u0027s Waffle","Lizard Tail","Frozen Egg 2","SacredBark","Letter Opener","Incense Burner","Whetstone","Nunchaku","War Paint","Boot","OrangePellets","TwistedFunnel","Bronze Scales"],"potions_floor_usage":[14,16,20,33,37,40,42,44,45,46,50,50,51,55,55,56,56],"damage_taken":[{"damage":2,"enemies":"2 Louse","floor":1,"turns":3},{"damage":0,"enemies":"Cultist","floor":2,"turns":4},{"damage":1,"enemies":"Small Slimes","floor":3,"turns":4},{"damage":22,"enemies":"3 Sentries","floor":8,"turns":8},{"damage":0,"enemies":"Blue Slaver","floor":10,"turns":4},{"damage":6,"enemies":"Looter","floor":12,"turns":3},{"damage":17,"enemies":"Lagavulin","floor":14,"turns":7},{"damage":15,"enemies":"Hexaghost","floor":16,"turns":10},{"damage":0,"enemies":"Spheric Guardian","floor":18,"turns":5},{"damage":5,"enemies":"Chosen","floor":19,"turns":5},{"damage":20,"enemies":"Masked Bandits","floor":20,"turns":4},{"damage":8,"enemies":"Snake Plant","floor":21,"turns":4},{"damage":19,"enemies":"Book of Stabbing","floor":29,"turns":6},{"damage":5,"enemies":"Shelled Parasite and Fungi","floor":31,"turns":6},{"damage":7,"enemies":"Automaton","floor":33,"turns":12},{"damage":10,"enemies":"3 Darklings","floor":35,"turns":9},{"damage":5,"enemies":"Orb Walker","floor":37,"turns":3},{"damage":0,"enemies":"Mind Bloom Boss Battle","floor":38,"turns":6},{"damage":0,"enemies":"Giant Head","floor":40,"turns":8},{"damage":0,"enemies":"Maw","floor":42,"turns":7},{"damage":0,"enemies":"Sphere and 2 Shapes","floor":44,"turns":5},{"damage":8,"enemies":"4 Shapes","floor":45,"turns":8},{"damage":0,"enemies":"Reptomancer","floor":46,"turns":5},{"damage":0,"enemies":"Donu and Deca","floor":50,"turns":8},{"damage":0,"enemies":"Time Eater","floor":51,"turns":11},{"damage":3,"enemies":"Shield and Spear","floor":55,"turns":6},{"damage":41,"enemies":"The Heart","floor":56,"turns":7}],"green_key_taken_log":46,"seed_played":"-2613300959929522883","neow_bonus_log":{"cardsObtained":[],"cardsUpgraded":[],"cardsRemoved":[],"cardsTransformed":[],"relicsObtained":[],"maxHpGained":0,"goldGained":100,"damageTaken":0,"goldLost":0,"maxHpLost":0},"potions_obtained":[{"floor":2,"key":"Weak Potion"},{"floor":3,"key":"AttackPotion"},{"floor":8,"key":"DistilledChaos"},{"floor":14,"key":"BlessingOfTheForge"},{"floor":18,"key":"DuplicationPotion"},{"floor":21,"key":"Ancient Potion"},{"floor":31,"key":"Poison Potion"},{"floor":35,"key":"FairyPotion"},{"floor":37,"key":"DuplicationPotion"},{"floor":42,"key":"Fire Potion"}],"is_trial":false,"path_per_floor":["M","M","M","$","?","R","?","E","T","M","?","M","R","E","R","B",null,"M","M","?","M","$","R","?","R","T","R","?","E","R","M","R","B",null,"M","T","M","?","?","E","$","M","T","M","M","E","T","$","R","B","B",null,"R","$","E","B",null],"character_chosen":"THE_SILENT","basemod:card_modifiers":[null,null,null,null,null,null,null,null,null,null,null,null,null,null,null,null,null,null,null,null,null,null,null,null,null,null,null,null,null,null,null,null,null,null,null,null,null,null],"items_purchased":["Well Laid Plans","PiercingWail","Lee\u0027s Waffle","Calculated Gamble","PanicButton","Nunchaku","OrangePellets","Well Laid Plans+1","Catalyst","TwistedFunnel"],"campfire_rested":1,"item_purchase_floors":[4,4,22,22,22,41,48,48,48,54],"current_hp_per_floor":[57,57,56,56,45,45,45,23,23,23,23,17,36,19,19,4,51,51,46,26,18,73,73,67,67,67,67,67,48,48,43,43,36,64,54,54,49,49,49,49,49,49,49,49,41,41,41,41,41,41,41,62,62,62,59,18],"gold":57,"neow_bonus":"HUNDRED_GOLD","is_prod":false,"is_daily":false,"rewards_skipped":[{"floor":12,"relics":[],"potions":["Weak Potion"]},{"floor":40,"relics":[],"potions":["Poison Potion"]},{"floor":45,"relics":[],"potions":["SteroidPotion"]},{"floor":46,"relics":[],"potions":["ColorlessPotion"]}],"chose_seed":false,"campfire_upgraded":8,"win_rate":0,"floor_exit_playtime":[39,78,103,139,142,151,166,266,275,305,309,343,348,457,464,622,658,728,801,951,1016,1100,1105,1112,1119,1121,1128,1132,1246,1256,1406,1413,1674,1713,1997,2014,2088,2223,2231,2459,2475,2632,2636,2729,2850,2996,2998,3025,3028,3314,3690,3701,3712,3747,3979,4137],"timestamp":1708643702,"blue_key_relic_skipped_log":{"floor":43,"relicID":"Blue Candle"},"path_taken":["M","M","M","$","?","R","?","E","T","M","?","M","R","E","R","BOSS","M","M","?","M","$","R","?","R","T","R","?","E","R","M","R","BOSS","M","?","M","?","?","E","$","M","T","M","?","E","?","$","R","BOSS","BOSS","R","$","E","BOSS"],"build_version":"2022-12-18","purchased_purges":3,"victory":true,"max_hp_per_floor":[66,66,66,66,66,66,66,66,66,66,66,66,66,66,66,66,66,66,66,66,66,73,73,73,73,73,73,73,73,73,73,73,73,73,73,73,73,73,69,69,69,69,69,69,69,69,69,69,69,69,69,69,69,69,69,69],"relic_stats":{"Lee\u0027s Waffle":55,"Gremlin Horn":[21,22],"counters":[27,168],"Letter Opener":[257],"Whetstone":["Strike_G","Dagger Throw"],"War Paint":["Survivor","Defend_G"],"Boot":[26],"OrangePellets":[5],"Lizard Tail":0,"Nunchaku":[12],"Mummified Hand":[114],"Bronze Scales":[51],"Tiny Chest":2,"obtain_stats":[{"TwistedFunnel":54,"Lee\u0027s Waffle":22,"Gremlin Horn":9,"SacredBark":34,"Incense Burner":38,"Letter Opener":36,"Whetstone":40,"Paper Crane":17,"Frozen Egg 2":29,"War Paint":46,"Boot":47,"Old Coin":17,"Calling Bell":17,"OrangePellets":48,"Lizard Tail":26,"Nunchaku":41,"Mummified Hand":8,"Bronze Scales":55,"Tiny Chest":17,"Red Mask":20,"InkBottle":14,"Ring of the Snake":0},{"TwistedFunnel":25,"Lee\u0027s Waffle":12,"Gremlin Horn":4,"SacredBark":15,"Incense Burner":18,"Letter Opener":16,"Whetstone":19,"Paper Crane":8,"Frozen Egg 2":13,"War Paint":23,"Boot":23,"Old Coin":8,"Calling Bell":8,"OrangePellets":23,"Lizard Tail":12,"Nunchaku":19,"Mummified Hand":4,"Bronze Scales":26,"Tiny Chest":8,"Red Mask":11,"InkBottle":7,"Ring of the Snake":0},{"TwistedFunnel":155,"Lee\u0027s Waffle":61,"Gremlin Horn":19,"SacredBark":85,"Incense Burner":103,"Letter Opener":94,"Whetstone":111,"Paper Crane":43,"Frozen Egg 2":67,"War Paint":136,"Boot":136,"Old Coin":43,"Calling Bell":43,"OrangePellets":136,"Lizard Tail":61,"Nunchaku":111,"Mummified Hand":19,"Bronze Scales":161,"Tiny Chest":43,"Red Mask":57,"InkBottle":33,"Ring of the Snake":0}],"InkBottle":[76],"Ring of the Snake":[54]},"card_choices":[{"not_picked":["Deadly Poison","Prepared"],"picked":"Dagger Throw","floor":1},{"not_picked":["Dodge and Roll","Bane"],"picked":"Sucker Punch","floor":2},{"not_picked":["Escape Plan","Dodge and Roll"],"picked":"Predator","floor":3},{"not_picked":["Heel Hook","Setup","Predator"],"picked":"SKIP","floor":8},{"not_picked":["Dodge and Roll","Prepared"],"picked":"Acrobatics","floor":10},{"not_picked":["Expertise","Flying Knee"],"picked":"Infinite Blades","floor":12},{"not_picked":["Dodge and Roll","Die Die Die"],"picked":"Noxious Fumes","floor":14},{"not_picked":["Wraith Form v2","A Thousand Cuts"],"picked":"After Image","floor":16},{"not_picked":["Poisoned Stab","Distraction"],"picked":"Backstab","floor":18},{"not_picked":["Concentrate+1","Dodge and Roll"],"picked":"Acrobatics","floor":19},{"not_picked":["Flying Knee","Sucker Punch"],"picked":"Catalyst+1","floor":20},{"not_picked":["Dodge and Roll","Distraction","Riddle With Holes"],"picked":"SKIP","floor":21},{"not_picked":["Quick Slash","Blade Dance"],"picked":"Tactician","floor":29},{"not_picked":["Backflip","Bane"],"picked":"Reflex+1","floor":31},{"not_picked":["Bullet Time","Storm of Steel"],"picked":"Venomology","floor":33},{"not_picked":["Sucker Punch","Cloak And Dagger+1"],"picked":"Backflip+1","floor":35},{"not_picked":["Tactician","Bane"],"picked":"Noxious Fumes+1","floor":37},{"not_picked":["Cloak And Dagger","Dodge and Roll","Setup"],"picked":"SKIP","floor":38},{"not_picked":["Bane+1","Prepared"],"picked":"Footwork+1","floor":40},{"not_picked":["Quick Slash","Dagger Throw+1","Bane"],"picked":"SKIP","floor":42},{"not_picked":["Flying Knee+1","Caltrops+1"],"picked":"Footwork+1","floor":44},{"not_picked":["Expertise","Venomology"],"picked":"Outmaneuver+1","floor":45},{"not_picked":["Sucker Punch","Poisoned Stab"],"picked":"Burst","floor":46}],"player_experience":6257282,"relics_obtained":[{"floor":8,"key":"Mummified Hand"},{"floor":9,"key":"Gremlin Horn"},{"floor":14,"key":"InkBottle"},{"floor":17,"key":"Tiny Chest"},{"floor":17,"key":"Paper Crane"},{"floor":17,"key":"Old Coin"},{"floor":20,"key":"Red Mask"},{"floor":26,"key":"Lizard Tail"},{"floor":29,"key":"Frozen Egg 2"},{"floor":36,"key":"Letter Opener"},{"floor":38,"key":"Incense Burner"},{"floor":40,"key":"Whetstone"},{"floor":46,"key":"War Paint"},{"floor":47,"key":"Boot"},{"floor":55,"key":"Bronze Scales"}],"event_choices":[{"damage_healed":0,"gold_gain":75,"player_choice":"Gather Gold","damage_taken":11,"max_hp_gain":0,"max_hp_loss":0,"event_name":"World of Goop","floor":5,"gold_loss":0},{"damage_healed":0,"gold_gain":0,"player_choice":"1 cards matched","damage_taken":0,"max_hp_gain":0,"max_hp_loss":0,"event_name":"Match and Keep!","floor":7,"gold_loss":0,"cards_obtained":["Tactician"]},{"damage_healed":0,"gold_gain":0,"player_choice":"Ignored","damage_taken":0,"max_hp_gain":0,"max_hp_loss":0,"event_name":"Shining Light","floor":11,"gold_loss":0},{"damage_healed":0,"gold_gain":0,"player_choice":"Fought Bandits","damage_taken":0,"max_hp_gain":0,"max_hp_loss":0,"event_name":"Masked Bandits","floor":20,"gold_loss":0},{"damage_healed":0,"gold_gain":0,"player_choice":"Joined the Cult","damage_taken":6,"max_hp_gain":0,"max_hp_loss":0,"event_name":"Nest","floor":24,"gold_loss":0,"cards_obtained":["RitualDagger"]},{"damage_healed":0,"gold_gain":0,"player_choice":"Ignored","damage_taken":0,"max_hp_gain":0,"max_hp_loss":0,"event_name":"Vampires","floor":28,"gold_loss":0},{"damage_healed":0,"gold_gain":0,"player_choice":"Fight","damage_taken":0,"max_hp_gain":0,"max_hp_loss":0,"event_name":"MindBloom","floor":38,"gold_loss":0},{"damage_healed":0,"gold_gain":0,"player_choice":"Max HP","damage_taken":0,"max_hp_gain":0,"max_hp_loss":4,"event_name":"Winding Halls","floor":39,"gold_loss":0}],"is_beta":false,"boss_relics":[{"not_picked":["Sozu","Cursed Key"],"picked":"Calling Bell"},{"not_picked":["Snecko Eye","Runic Dome"],"picked":"SacredBark"}],"items_purged_floors":[4,22,41],"is_endless":false,"potions_floor_spawned":[2,3,8,12,14,18,21,31,35,37,40,42,45,46],"ascension_level":20,"potion_discard_per_floor":[[],[],[],[],[],[],[],["Weak Potion"],[],[],[],[],[],[],[],[],[],[],[],[],[],[],[],[],[],[],[],[],[],[],["Ancient Potion"],[],[],[],["BlessingOfTheForge"],[],["Explosive Potion"],["FairyPotion"],[],[],[],["Ancient Potion"],[],[],[],[],[],[],[],[],[],[],[],[],[],[],[]]}